2809 4992
709 594 803 664 12
1313 573 2058 670 oRA'r1o.‘

697 792 947 876 natas,
999 781 1220 882 quasi
1297 784 1555 861 festum
1640 785 2121 878 celebrarent,
2151 863 2157 869 ,
2192 765 2288 880 ad
2364 786 2573 898 quod

695 933 846 987 non
917 923 1097 988 esset
1165 911 1556 991 invitatus?
1616 951 1708 974 -—
1778 915 1984 991 Anne
2061 913 2278 989 homo
2353 889 2524 990 ideo
2540 965 2571 1012 ,
2623 923 2629 930 ’

625 1083 632 1089 ·
691 1061 873 1140 prae
915 1040 1166 1117 ceteris
1209 1038 1723 1136 animantibus,
1770 1043 2047 1144 patiens
2080 1053 2262 1154 esset
2302 1041 2570 1148 caloris

693 1181 768 1245 et
837 1170 1120 1270 frigoris
1141 1223 1164 1263 ,
1233 1168 1505 1247 laboris
1569 1182 1641 1249 et
1694 1171 2140 1272 fatigationis
2165 1225 2191 1266 ‚
2282 1141 2567 1246 inediae

692 1310 768 1376 et
823 1299 974 1376 sitis
993 1301 1033 1374 ?
1067 1341 1158 1356 —
1203 1298 1378 1375 Ideo
1436 1299 1589 1375 sine
1650 1298 1967 1399 periculo
2010 1300 2191 1377 vitae
2212 1353 2237 1393 ,
2284 1298 2564 1375 eoelum

689 1439 963 1526 mutare
1043 1441 1286 1530 posset
1318 1482 1342 1523 ,
1424 1441 1793 1528 totumque
1873 1439 2238 1505 terrarum·
2306 1428 2567 1505 orbem

689 1553 1286 1656 cioeumnavigare
1303 1567 1344 1649 ‚'
1422 1569 1501 1635 ut
1560 1557 1771 1658 longa
1828 1557 1963 1634 ista
2021 1555 2274 1639 itinera
2328 1552 2569 1634 labori

689 1684 983 1762 multum
1006 1738 1029 1776 ‚
1122 1684 1435 1760 felicitati
1502 1709 1756 1784 parum
1771 1737 1794 1776 ‚
1877 1685 2273 1783 majorique
2330 1679 2563 1760 indoli

685 1809 860 1888 nihil
917 1807 1338 1912 prodessent
1354 1813 1394 1886 2
1456 1809 1697 1888 Satius
1751 1812 2079 1910 profecto
2146 1811 2211 1888 ei
2264 1810 2512 1890 fuisset
2526 1866 2555 1906 ,
2654 1857 2657 1862 -

683 1962 846 2014 cum
913 1938 1346 2038 Trogloditis
1413 1937 1739 2016 habitare
1808 1950 1883 2016 et
1898 1992 1923 2032 ‚
1982 1938 2209 2020 veluti?
2238 1962 2506 2042 pecora
2528 1993 2556 2033 ,

685 2067 1020 2147 arborum
1057 2067 1242 2144 foliis
1291 2092 1368 2144 se
1416 2093 1495 2144 se
1542 2071 1823 2166 tegere¹
2047 2141 2055 2148 .

777 2195 988 2272 Haud
1057 2194 1158 2272 ita
1175 2249 1198 2288 ,
1267 2207 1357 2270 ut
1424 2194 1581 2270 dira
1623 2217 1968 2286 noverea,
2038 2195 2309 2276 Natura
2350 2209 2553 2276 trae-

681 2325 856 2401 tavit
911 2323 1268 2400 hominem
1294 2376 1317 2414 ‚
1389 2321 1789 2400 animalium
1844 2323 2546 2424 praestantissimum.

683 2451 1002 2530 Arbores
1043 2452 1323 2528 serebat
1367 2451 1589 2528 homo
1614 2507 1637 2545 ,
1706 2474 1851 2528 non
1872 2527 1880 2535 ,
1900 2451 2127 2528 solum
2147 2506 2170 2544 ‚
2214 2463 2296 2529 ut
2346 2453 2549 2532 fruo-

682 2581 874 2660 tibus
925 2595 1322 2660 vesceretur
1344 2636 1365 2674 ,
1432 2604 1675 2660 verum
1734 2581 1938 2658 etiam
1960 2634 1983 2672 ‚
2033 2592 2171 2673 ut,
2221 2582 2353 2666 sub
2398 2564 2549 2683 eius

681 2709 1022 2811 tegmine,
1073 2721 1265 2788 tutus
1319 2711 1806 2802 recumberet,
1858 2722 1938 2786 ut
1966 2707 2141 2790 ‚inde
2164 2763 2189 2802 ,
2236 2735 2549 2810 provec-

680 2839 864 2916 tiore
911 2852 1136 2916 aetate
1159 2892 1180 2930 ‚
1232 2839 1471 2915 fustim
1540 2837 1677 2915 sibi
1738 2849 2233 2939 compararet,
2278 2850 2368 2926 ut
2410 2838 2551 2940 lig-

679 2993 850 3046 num
906 2967 1273 3048 inserviret
1315 2965 1833 3044 construendae
1856 2966 2123 3050 'domui
2142 3023 2164 3062 ,
2226 2967 2303 3045 in
2358 2969 2496 3067 qua
2514 3023 2537 3062 ,

676 3122 841 3176 eum
890 3099 1148 3204 familia
1167 3151 1192 3191 ,
1237 3096 1541 3175 suaviter
1588 3081 1897 3194 degeret.

776 3227 1002 3306 Deme
1023 3226 1184 3303 ‘hoc
1223 3219 1547 3301 imitandi
1599 3223 1907 3302 studium
1930 3277 1953 3318 ,
2002 3224 2271 3310 homini
2330 3207 2549 3312 in11'a-,

678 3368 830 3432 tum
847 3407 872 3446 ,
943 3366 1157 3451 atque
1213 3352 1519 3454 explices
1533 3405 1560 3446 ‚
1624 3375 1893 3450 quaeso
1913 3403 1937 3444 ‚
2008 3353 2325 3430 mirabile
2370 3356 2539 3433 illud

677 3481 1221 3585 phaenomenon
1243 3533 1268 3573 ,
1318 3480 1516 3579 quod
1562 3478 1891 3564 omnihus
1956 3489 2064 3554 est
2128 3501 2495 3560 commune
2516 3537 2539 3575 ‚

771 3615 1175 3708 placidum
1223 3637 1399 3684 cum
1446 3621 1790 3706 eat-punt
1830 3612 2025 3705 fessi
2070 3633 2421 3703 soporem
2446 3663 2469 3698 ,

671 3737 1031 3836 ‘animique
1093 3736 1199 3814 vis
1269 3762 1326 3822 a,
1367 3721 1692 3814 sensibus
1741 3735 2107 3840 corporeis
2170 3733 2381 3834 plane
2408 3749 2539 3816 ‘est

672 3867 1028 3969 sejunctae3
1079 3879 1245 3944 tunc
1287 3865 1473 3944 euim
1524 3865 1739 3944 rebus
1800 3862 2104 3948 externis
2140 3879 2303 3951 'non
2365 3890 2539 3943 avo-

669 4008 914 4100 tatus)
927 4083 934 4088 ,
949 4069 960 4094 ,
975 4019 1218 4096 neque,
1269 3993 1647 4086 distractus
1681 4047 1704 4087 ,
1768 3991 2056 4080 liberius
2112 3989 2249 4084 sibi
2300 3991 2541 4076 indul-

2422 4135 2533 4220 get
