2809 4992
741 449 1609 542 MEDICA(
2007 494 2095 566 9?

211 658 528 730 abdomen
585 665 978 736 provocant,
1051 653 1190 737 eius
1251 671 1411 719 cavo
1456 651 1811 741 ampliando
1870 667 1936 722 et
1996 654 2099 724 in.

221 775 472 844 testinis
536 767 906 838 evacuandis
930 813 955 849 ,
1023 785 1160 848 quo
1216 767 1689 852 diaphragmatis
1751 773 2093 840 descensus

219 893 552 979 adjuvetur
572 935 596 969 ,
641 884 916 954 thoracis
973 885 1184 954 iumen
1239 899 1537 971 augeatur
1582 901 1650 952 et
1686 888 2009 974 sanguinis
2052 910 2093 958 e

217 1009 476 1078 cerebro
511 1003 788 1072 refluxus
838 1015 1286 1086 promoveatur
1305 1048 1330 1084 ‚
1375 1001 1543 1067 unde
1599 1018 2089 1086 symptomatum

217 1129 496 1196 levamen
545 1134 870 1205 augeatur.
966 1119 1302 1204 Praecipue
1357 1117 1747 1186 conveniunt
1794 1120 2099 1202 clysmata

219 1242 494 1312 laxantia
533 1240 604 1306 in
640 1239 842 1306 Febre
885 1235 1334 1304 intermittente
1384 1235 1773 1320 apoplectica
1805 1255 1844 1302 a
1894 1235 2097 1304 sotdi-
2180 1233 2201 1246 ‘

219 1347 350 1430 bus
384 1358 720 1444 primarum
755 1354 998 1424 viarum
1043 1353 1326 1437 inprimis
1370 1353 1620 1422 oborta.
1661 1351 1895 1422 Ablata
1929 1351 2095 1422 enim

218 1475 481 1544 saburra
519 1472 864 1542 intestiuali
925 1472 1162 1540 directa
1221 1470 1324 1538 via
1379 1484 1553 1556 patet
1605 1471 1687 1540 ad
1733 1469 2099 1558 apoplexiae

218 1609 670 1678 paroxysmum
725 1589 1014 1658 funditus
1061 1589 1431 1656 tollendum.

303 1708 556 1778 Accidit
609 1721 814 1774 autem
869 1706 1210 1791 aliquando
1235 1752 1260 1788 ,
1323 1720 1400 1772 ut
1458 1705 1903 1793 accedentibus
1958 1721 2099 1772 mo-

225 1823 401 1892 tibus
521 1817 915 1892 convulsiv'is
1013 1842 1174 1892 anus
1276 1840 1531 1906 spasmo
1630 1797 1954 1890 claudatur
2030 1832 2101 1888 et

227 1942 532 2024 clysmata
603 1939 775 2024 injici
843 1957 976 2006 uon
1029 1937 1284 2021 possint
1300 1986 1327 2021 ,
1399 1952 1735 2021 antequam
1800 1937 2103 2021 cataplas-

227 2055 500 2122 matibus
553 2054 958 2124 calidioribus
1018 2055 1358 2140 adhibitis,
1440 2073 1729 2140 spasmus
1782 2054 2103 2122 resolutus

227 2170 344 2244 sit.
1889 2175 1897 2182 “

312 2289 536 2359 vm0.
601 2289 698 2358 Ut
759 2303 1060 2374 quantum
1129 2289 1266 2358 fieri
1337 2288 1594 2374 possit,
1687 2287 1944 2373 corpori
2006 2287 2105 2356 iu·

225 2423 476 2493 geratur
553 2425 772 2492 magna
845 2409 1031 2490 copia
1105 2421 1374 2492 potuum
1456 2403 2047 2490 mucilaginosorum
2069 2451 2097 2487 ,

225 2524 672 2606 reiaxantium,
732 2521 1234 2606 refrigerantium
1295 2538 1359 2591 et
1413 2523 1888 2607 temperantium
1944 2519 2093 2610 (ι).

223 2639 540 2708 Universe
590 2639 912 2706 fatendum
968 2653 1066 2702 est
1085 2683 1112 2719 ,
1197 2638 1320 2702 hoc
1371 2657 1557 2720 saepe
1612 2638 1871 2704 nonnisi
1924 2657 2103 2707 aum·

2000 2771 2105 2821 tua

291 2921 390 2990 (ι)
414 2919 520 2973 Ubi
560 2929 900 2982 symptomata
935 2929 1154 2969 nervosa
1189 2916 1388 2978 maiore
1435 2931 1652 2972 numero
1696 2919 1983 2982 accedunt,
2035 2919 2105 2971 de

221 3019 345 3084 opii
395 3031 490 3070 usu
540 3015 834 3076 cogitavere
887 3011 1148 3064 nonnulli.
1241 3011 1583 3064 Memorabile
1629 3011 1887 3072 eiusmodi
1924 3012 2109 3066 condi.-

224 3109 382 3166 tionis
424 3113 720 3174 exemplum
763 3119 1128 3160 commemorat
1157 3107 1386 3169 Baiily
1431 3110 1509 3160 de
1552 3109 1789 3172 mois,
1819 3122 1938 3173 paz·
1971 3113 2107 3182 4³⁶⁹

223 3208 314 3262 ubi
354 3209 520 3260 refert
559 3205 980 3258 observationem
1021 3202 1212 3254 nobilia
1258 3215 1549 3266 matt-onae,
1587 3219 1715 3267 quae
1740 3207 1833 3256 sub
1861 3219 2109 3268 pat-oxya·

232 3320 319 3359 mo
351 3303 530 3356 Febris
573 3300 924 3364 apoplecticae
967 3311 1101 3348 tanta
1142 3297 1398 3360 rigiditate
1434 3299 1743 3352 afficiebatur
1779 3313 1835 3350 ut
1872 3301 2107 3354 Medicus

233 3396 516 3457 nonaginta
551 3395 780 3456 quinque
819 3406 982 3454 guttas
1009 3393 1172 3444 Laud.
1195 3391 1296 3455 uq.
1327 3399 1388 3446 8.
1410 3394 1493 3446 ori
1530 3395 1689 3446 hianti
1716 3395 2020 3458 aegrotantis
2052 3397 2107 3447 in

241 3487 538 3546 stillaverit.
605 3487 710 3538 Die
751 3499 1000 3548 sequente
1038 3487 1284 3539 corticem
1322 3491 1648 3554 praescripsit
1675 3491 2033 3554 pet-superiora
2054 3503 2110 3544 et

245 3585 496 3640 inferiora
523 3582 892 3644 adhibendum,
922 3582 1032 3632 siue
1059 3585 1168 3633 uilo
1192 3585 1400 3636 effectu.
1434 3585 1609 3636 Rediit
1634 3585 1841 3646 quidem
1870 3598 2113 3649 paroxys-

242 3695 354 3734 mua
396 3679 490 3732 sed
527 3680 699 3730 denuo
747 3677 1002 3741 applicato
1035 3679 1256 3730 lauriano
1295 3684 1495 3732 coium:
1540 3691 1638 3730 est.
1702 3679 1806 3730 Die
1858 3692 2113 3742 aequente

241 3777 432 3828 iterum
459 3787 592 3826 cort.
624 3777 818 3828 Peruv.
841 3772 1203 3837 rejiciebatur,
1237 3787 1291 3825 at
1318 3778 1518 3825 tandem
1544 3773 1671 3834 opio
1696 3785 1796 3823 uua
1824 3775 1952 3824 hora
1989 3783 2107 3827 ante
2188 3793 2195 3802 ·

229 3848 606 3938 ²paroxyamutu
629 3870 972 3922 administrato
988 3903 1010 3934 ,
1041 3879 1374 3933 paroxyamus
1399 3869 1561 3922 febris
1585 3869 1791 3934 quidem
1820 3871 2009 3936 rediit,
2036 3886 2108 3928 ar·

251 3979 416 4020 tanea
447 3968 603 4020 nullo
633 3976 966 4028 symptomate
1006 3963 1240 4030 m'viora
1279 3965 1519 4030 stipans.

1144 4059 1212 4132 G
