2809 4992
931 517 1709 593 BOTANIC‘A.
2174 515 2251 594 61

391 676 626 776 annulo
679 688 1108 793 separabatur.
1215 698 1457 773 Cortex
1504 701 1827 770 constabat
1882 718 1965 797 ex
2021 718 2254 793 percnf

385 827 684 911 chymate
741 842 876 891 non
931 823 1096 889 bene
1151 818 1639 889 determinando,
1720 820 2053 913 Praecipua
2098 838 2245 907 pars

381 942 608 1011 radicis
661 941 996 1009 constabat
1045 958 1124 1009 ex
1183 936 1518 1003 innumeris
1580 936 1745 1005 uasis
1790 938 2253 1025 long-lundinen-

381 1074 487 1129 ter
502 1075 567 1127 et
607 1060 675 1125 in
691 1056 1098 1139 ·'latitudinem
1123 1054 1597 1121 decurrentibus
1620 1100 1647 1136 ‚
1670 1072 1825 1135 quae
1858 1056 2047 1123 variis
2084 1056 2247 1137 loeis

383 1174 829 1247 anastomosin
871 1173 1290 1259 patiebantur.
1396 1172 1823 1241 Inter-mediam
1879 1174 2039 1255 inter
2098 1176 2247 1243 haec

391 1312 548 1361 vasa
609 1290 1016 1359 substantiam
1085 1290 1415 1357 difficulter
1490 1288 1891 1359 determinare
1960 1304 2251 1379 potent,

312 1498 321 1507 .
395 1408 575 1479 initia
615 1424 815 1479 tamen
852 1409 1200 1477 finturarum
1223 1407 1635 1475 radicularum
1660 1428 1807 1493 prae
1842 1428 1913 1475 se
1938 1396 2247 1492 ferebam

397 1502 603 1593 Radix
633 1526 868 1609 ,itaque
903 1539 1108 1609 -atque
1147 1524 1451 1592 radiculae
1500 1525 1567 1591 in
1596 1530 1881 1611 placenta
1909 1525 2121 1599 omnis
2148 1528 2251 1613 ju·

387 1642 588 1710 nioris
646 1642 824 1709 bulbi
863 1644 1142 1713 occultae
1160 1645 1392 1729 jacent.
1482 1644 1549 1709 Si
1596 1660 1745 1709 vero
1788 1660 2023 1709 novum
2082 1642 2247 1709 vitae

387 1760 767 1847 principium
795 1762 859 1827 in
895 1760 1110 1827 bulbis
1139 1761 1447 1827 excitetur
1473 1810 1497 1844 ,
1531 1762 1647 1827 bae
1672 1760 1979 1829 radiculae
2006 1762 2244 1847 produ-

383 1889 614 1943 cuntur
633 1922 660 1957 ,
719 1875 1042 1961 perforant
1097 1890 1521 1960 tegumentum
1578 1877 1869 1943 corticaie
1884 1922 1909 1957 ,
1985 1877 2247 1945 humum

391 2006 616 2074 petunt
663 2006 728 2057 et
784 2011 875 2077 ex·
913 1992 1026 2059 iilo
1073 1992 1523 2059 nutrimentum
1591 1993 1931 2061 adducunt.
2046 1992 2241 2069 Nunc

393 2124 599 2175 novae
645 2108 870 2175 iterum
928 2108 1298 2175 exoriuntur
1368 2108 1675 2175 radiculae
1744 2128 1905 2193 quae
1972 2108 2027 2175 si
2096 2122 2247 2177 sunt

387 2226 604 2309 piures
659 2242 920 2291 numero
975 2246 1120 2310 pars
1175 2226 1483 2293 herbacea.
1512 2225 1693 2291 bulbi
1728 2224 2057 2309 insigniter
2098 2242 2251 2309 pro·

381 2333 662 2409 crescere
700 2340 926 2425 incipit
971 2356 1034 2408 et
1068 2322 1296 2425 scapus
1339 2340 1655 2424 floresque
1687 2354 2130 2426 prorumpunt.
2148 2376 2239 2397 -·

379 2456 688 2525 Videmus
727 2458 940 2543 itaque
995 2472 1198 2525 totum
1269 2459 1711 2543 compendium
1756 2458 2006 2529 futurae
2060 2460 2244 2545 plm-

381 2588 480 2643 tae
526 2576 590 2643 in
629 2578 912 2659 placenta
958 2576 1184 2661 partim
1224 2579 1539 2645 occultum
1564 2624 1589 2661 ‚
1644 2576 1873 2662 partim
1935 2596 2082 2645 cum
2126 2576 2237 2643 illu

384 2695 790 2780 coniunctum
813 2692 1010 2757 teneri
1031 2738 1055 2773 ‚
1101 2706 1178 2757 et·
1210 2694 1396 2759 simul
1423 2697 1589 2759 clare
1634 2708 1805 2777 patet
1844 2708 2127 2761 naturam
2155 2693 2237 2790 ,in

377 2808 484 2878 his
519 2810 748 2897 plantis
782 2810 1042 2893 proprie
1074 2808 1543 2891 propagationis
1594 2810 1899 2877 actionem
1954 2810 2027 2877 in
2068 2808 2233 2875 radi·

382 2946 518 2993 cem
565 2924 860 3010 posuisse
919 2942 986 2990 et
1047 2942 1234 3008 parce
1283 2926 1475 2991 modo
1530 2924 1915 3009 ‘propagandi
1990 2926 2231 2993 ratione

385 3062 502 3125 per
557 3042 794 3111 semina
849 3040 972 3111 uti.
1075 3042 1395 3109 Praeterea
1452 3041 1629 3107 hicce
1698 3058 1933 3123 scopus
1979 3056 2235 3113 naturae

269 3190 278 3197 ·
385 3160 590 3229 multo
628 3156 996 3243 simpliciori
1037 3158 1276 3226 ratione
1303 3159 1643 3243 attingitur·
1666 3176 1851 3243 quem
1896 3179 2008 3245 per
2052 3162 2235 3232 semi-

379 3296 506 3359 na,
547 3296 694 3344 cum
755 3291 852 3343 tot
896 3280 1226 3359 famaeque
1262 3275 1582 3361 potentiae
1636 3290 1933 3345 nocentes
1974 3277 2039 3345 in
2090 3276 2229 3347 foe·

372 3376 810 3466 enfflationem
833 3440 858 3475 ,
900 3396 1366 3461 maturationem
1383 3440 1411 3475 ,
1476 3394 1777 3463 sationem
1829 3412 1891 3463 et
1936 3397 2005 3465 in
2051 3396 2221 3485 ipsas

371 3516 632 3581 tenellas
667 3512 918 3596 plantes
945 3530 1124 3596 agere
1169 3510 1419 3594 possint
1461 3530 1616 3595 quae
1658 3515 1779 3581 hoc
1818 3514 2007 3581 modo
2053 3532 2231 3600 prae·

371 3646 694 3699 caventur.
741 3630 834 3697 Ut
861 3630 1140 3713 ‚ulterius
1179 3628 1248 3695 in
1291 3630 1483 3716 huius
1516 3632 1873 3715 plancentae
1908 3642 2227 3714 praestan·

377 3746 524 3813 tiam
564 3746 876 3831 indagaret
914 3790 939 3827 ,
981 3747 1431 3813 nonnullorum
1465 3742 1799 3812 bulborum
1839 3745 2099 3827 optime.
2129 3741 2229 3809 vi·

239 3904 244 3911 ·
297 3902 303 3909 -
379 3864 652 3947 gentium
676 3910 700 3945 ,
743 3862 810 3949 in
851 3860 1088 3950 quibus
1118 3880 1273 3930 vero
1319 3859 1624 3931 radiculae
1659 3860 1936 3927 nondum
1976 3859 2227 3943 prodie-

384 3994 519 4047 rant
539 4026 564 4063 ,
582 3978 830 4051 infimas
845 3980 1096 4049 laminas
1129 3978 1449 4048 subtiliter
1488 3975 1760 4045 desecuit
1784 3988 1973 4059 atque
1998 3992 2229 4045 omnes

2077 4088 2224 4163 bul·
2306 4094 2316 4104 ’

1651 4310 1681 4347 Ι
