2809 4992
672 520 754 567 ao
1030 480 2162 560 COMMENTATIO·

666 696 868 745 earum
950 672 1387 743 fonmationem
1450 668 1608 735 nihil
1661 662 1976 733 conferre.
2083 667 2148 733 L
2173 665 2192 731 i
2213 683 2540 735 nmen-s

664 810 1051 881 gemmarum,
1096 804 1305 855 ortum
1366 786 1669 851 medullae
1723 781 2060 866 adscripsit
2080 829 2106 863 ,
2162 786 2337 869 cujus
2379 802 2540 851 sen-

662 912 855 979 tentia
901 909 1077 975 hisce
1149 902 1570 977 fundamentis
1623 897 1896 981 nititur,
1971 898 2146 979 quod
2215 899 2361 963 tami
2411 918 2532 981 pet

665 1029 936 1095 medium
982 1020 1462 1089 horizontaliter
1495 1018 1790 1097 dissecti,
1839 1015 2063 1097 repleti
2115 1014 2246 1079 sint
2297 1018 2536 1087 medul-

666 1150 771 1227 la,
816 1161 978 1227 quae
1030 1138 1297 1205 medulla
1334 1132 1724 1212 conrinuatio
1783 1128 1881 1198 e'st
1928 1131 2211 1215 ejusdem
2279 1133 2476 1198 trunci
2499 1178 2532 1213 ,

670 1264 821 1327 dum
902 1276 1104 1323 ramus
1170 1256 1308 1338 ipse
1362 1252 1673 1334 quondam
1745 1268 1831 1315 ex
1895 1265 2142 1330 gemma
2178 1264 2380 1340 §ornis
2435 1268 2540 1315 es-

670 1391 765 1441 set
802 1376 943 1457 (1).
1302 1347 1309 1361 '

756 1494 951 1559 Doct.
988 1493 1093 1557 du
1128 1486 1427 1555 Hamei
1449 1502 1682 1551 omnes
1701 1483 1856 1549 rami
1895 1498 2100 1565 partes
2123 1486 2197 1551 ad
2211 1483 2544 1552 formatio-

668 1626 808 1675 nem
856 1625 1128 1691 gemmae
1180 1602 1579 1669 contribuere
1615 1601 1971 1669 contendit.
2052 1602 2182 1669 Alii
2222 1618 2526 1685 monent,

668 1742 940 1809 gemmas
1010 1743 1045 1789 e
1109 1724 1586 1805 parenchymate
1605 1765 1632 1799 ‚
1693 1718 1802 1787 alii
1859 1737 1898 1787 e
1953 1718 2108 1787 vasis
2177 1720 2526 1805 spiralibus

670 1841 1033 1925 provenire.
1114 1839 1516 1906 Gemmarum
1567 1835 1841 1921 germina
1897 1836 2102 1917 posita
2143 1856 2279 1903 esse
2333 1838 2404 1903 in
2442 1836 2533 1903 fi-

674 1958 807 2025 bris
856 1948 1259 2025 corticaiibus
1322 1972 1521 2037 prope
1583 1955 2002 2037 parencbyrm
2020 2000 2047 2036 ,
2109 1953 2227 2019 ubi
2264 1974 2414 2021 vasa
2466 1971 2532 2021 et

672 2076 1103 2148 fluida·earum
1144 2072 1493 2141 evolutioni
1527 2070 1780 2155 propria
1823 2072 2346 2157 coniunguntur,
2387 2078 2540 2139 co‘n-

670 2192 877 2257 tendit
920 2194 1119 2259 Doct.
1176 2188 1654 2257 'Sennebier
1694 2188 1834 2274 (ο).

730 2306 937 2379 βω.
1004 2307 1449 2390 Sprengel
1509 2306 1666 2373 hanc
1727 2306 2016 2373 scientiae
2075 2320 2314 2389 partem
2371 2308 2537 2374 diffi-

670 2423 957 2491 cillimam
1020 2441 1277 2503 quoque
1344 2423 1678 2507 tractavit3
1749 2437 1931 2505 atque
1991 2423 2178 2489 docet
2198 2469 2225 2504 ,
2289 2426 2536 2491 nulia'm

677 2556 973 2625 gemmam
1040 2536 1188 2605 oriri
1246 2537 1383 2605 sine
1447 2540 1916 2623 compressione
1967 2543 2118 2621 telae
2187 2542 2536 2610 cellulosae

676 2676 801 2729 tam
864 2656 1117 2725 corticis
1138 2703 1162 2735 ‚
1242 2676 1428 2740 quam
1517 2660 1862 2740 medullae,
1919 2677 2072 2741 qua
2131 2676 2316 2726 cansa
2359 2634 2536 2726 vasa

674 2774 925 2861 spiralia
954 2791 1017 2842 et
1066 2791 1327 2841 succosa
1368 2775 1594 2857 partim
1647 2794 1684 2841 a
1743 2793 1842 2841 se·
1879 2775 2148 2843 invicem
2203 2780 2536 2845 removen-

674 2906 815 2975 tur,
893 2892 1115 2977 partim
1167 2893 1362 2975 magis
1417 2892 1954 2975 comprimuntur,
2021 2900 2112 2960 'et
2173 2912 2340 2961 nova
2393 2896 2530 2961 vasa

686 3009 1061 3079 formantur.
1148 3009 1393 3077 Multae
1431 3010 1726 3075 flexiones
1769 3024 1833 3073 et
1873 3028 2202 3079 connexus
2245 3010 2534 3078 fibrarum

674 3126 1017 3211 lignearum
1082 3142 1408 3211 propterea
1459 3126 1742 3191 oriuntur
1767 3171 1789 3204 ‚
1835 3144 1995 3207 quae
2051 3142 2275 3193 trunco
2325 3148 2401 3191 eo
2461 3126 2530 3192 in

674 3242 822 3305 loco
893 3244 1183 3325 majorem
1260 3240 1558 3325 praebent
1623 3242 2032 3323 soliditatem3
2121 3245 2530 3309 tumescentia

676 3358 916 3421 nodosa
986 3370 1133 3423 tunc
1198 3358 1279 3423 ad
1358 3358 1563 3425 trunci
1643 3357 2028 3441 superficiem
2105 3357 2526 3440 observatur,

678 3490 827 3555 qua
877 3490 1039 3555 opus
1118 3487 1261 3553 est,
1338 3474 1446 3539 ubi
1507 3494 1778 3561 gemmae
1847 3476 2168 3561 provenire
2235 3474 2522 3558 debent·,‘

682 3608 889 3659 novus
950 3590 1175 3655 canalis
1240 3592 1595 3658 medullaris
1625 3640 1648 3675 ,
1693 3593 1858 3660 vasis
1915 3593 2136 3675 ligneis
2175 3607 2239 3658 et
2292 3594 2540 3660 cortice

1106 3712 1131 3721 “
2405 3711 2536 3778 cir-

747 3861 843 3927 (ι)
878 3862 1206 3921 Linnaei‘,
1248 3863 1464 3911 Amoen.
1502 3826 1662 3911 Acad.
1687 3848 1817 3913 ’voh
1851 3864 1916 3915 Π.
1949 3878 2004 3925 p.
2041 3876 2158 3927 ηπ.
2205 3922 2222 3939 .

764 3956 853 4021 (a)
888 3956 1301 4019 sennebler,
1339 3958 1493 4021 Phys.
1527 3974 1646 4023 νει.
1679 3962 1838 4045 Tem.
1867 3962 1917 4017 1.
1949 3974 2018 4023 p·
2047 3974 2166 4025 393.
