<?xml version="1.0" encoding="UTF-8"?>
<!DOCTYPE html PUBLIC "-//W3C//DTD XHTML 1.0 Transitional//EN"
    "http://www.w3.org/TR/xhtml1/DTD/xhtml1-transitional.dtd">
<html xmlns="http://www.w3.org/1999/xhtml" xml:lang="en" lang="en">
 <head>
  <title>
</title>
<meta http-equiv="Content-Type" content="text/html;charset=utf-8" />
  <meta name='ocr-system' content='tesseract 3.04.00' />
  <meta name='ocr-capabilities' content='ocr_page ocr_carea ocr_par ocr_line ocrx_word'/>
</head>
<body>
  <div class='ocr_page' id='page_1' title='image "annalesacademia02unkngoog_0303.png"; bbox 0 0 2809 4992; ppageno 0'>
   <div class='ocr_carea' id='block_1_1' title="bbox 660 490 2138 591">
    <p class='ocr_par' dir='ltr' id='par_1_1' title="bbox 660 490 2138 591">
     <span class='ocr_line' id='line_1_1' title="bbox 660 490 2138 591; baseline -0.01 -13"><span class='ocrx_word' id='word_1_1' title='bbox 660 528 783 591; x_wconf 69' lang='lat'><strong>124</strong></span> <span class='ocrx_word' id='word_1_2' title='bbox 1020 490 2138 582; x_wconf 72' lang='lat' dir='ltr'><strong>COMMENTATIQ</strong></span> 
     </span>
    </p>
   </div>
   <div class='ocr_carea' id='block_1_2' title="bbox 652 679 2552 4050">
    <p class='ocr_par' dir='ltr' id='par_1_2' title="bbox 652 679 2536 1460">
     <span class='ocr_line' id='line_1_2' title="bbox 656 679 2530 767; baseline -0.004 -10"><span class='ocrx_word' id='word_1_3' title='bbox 656 707 793 756; x_wconf 86' lang='lat' dir='ltr'><strong>rum</strong></span> <span class='ocrx_word' id='word_1_4' title='bbox 846 682 1456 767; x_wconf 73' lang='lat' dir='ltr'><strong>dieotyledoneerum</strong></span> <span class='ocrx_word' id='word_1_5' title='bbox 1535 695 1748 744; x_wconf 73' lang='lat' dir='ltr'><strong>revers</strong></span> <span class='ocrx_word' id='word_1_6' title='bbox 1815 695 1958 744; x_wconf 66' lang='lat' dir='ltr'><strong>esse</strong></span> <span class='ocrx_word' id='word_1_7' title='bbox 2031 679 2240 748; x_wconf 85' lang='lat' dir='ltr'><strong>solum</strong></span> <span class='ocrx_word' id='word_1_8' title='bbox 2299 679 2530 750; x_wconf 64' lang='lat' dir='ltr'><strong>tubum</strong></span> 
     </span>
     <span class='ocr_line' id='line_1_3' title="bbox 652 795 2536 895; baseline -0.005 -20"><span class='ocrx_word' id='word_1_9' title='bbox 652 812 766 895; x_wconf 69' lang='lat' dir='ltr'><strong>qui</strong></span> <span class='ocrx_word' id='word_1_10' title='bbox 822 801 1159 870; x_wconf 74' lang='lat' dir='ltr'><em>medullam</em></span> <span class='ocrx_word' id='word_1_11' title='bbox 1214 802 1510 866; x_wconf 72' lang='lat' dir='ltr'><strong>continet.</strong></span> <span class='ocrx_word' id='word_1_12' title='bbox 1615 795 1788 862; x_wconf 85' lang='lat' dir='ltr'><strong>Idem</strong></span> <span class='ocrx_word' id='word_1_13' title='bbox 1825 809 1928 862; x_wconf 73' lang='lat' dir='ltr'><strong>est</strong></span> <span class='ocrx_word' id='word_1_14' title='bbox 1967 795 2034 864; x_wconf 89' lang='lat' dir='ltr'><strong>in</strong></span> <span class='ocrx_word' id='word_1_15' title='bbox 2087 801 2536 882; x_wconf 75' lang='lat' dir='ltr'><strong>monocotyle-</strong></span> 
     </span>
     <span class='ocr_line' id='line_1_4' title="bbox 654 913 2526 998; baseline -0.005 -7"><span class='ocrx_word' id='word_1_16' title='bbox 654 924 876 994; x_wconf 88' lang='lat' dir='ltr'><strong>doneis</strong></span> <span class='ocrx_word' id='word_1_17' title='bbox 932 919 1253 994; x_wconf 71' lang='lat' dir='ltr'><strong>herbaceis</strong></span> <span class='ocrx_word' id='word_1_18' title='bbox 1302 933 1564 998; x_wconf 78' lang='lat' dir='ltr'><strong>quarum</strong></span> <span class='ocrx_word' id='word_1_19' title='bbox 1629 913 1984 986; x_wconf 74' lang='lat' dir='ltr'><strong>internodia</strong></span> <span class='ocrx_word' id='word_1_20' title='bbox 2041 915 2239 982; x_wconf 87' lang='lat' dir='ltr'><strong>tubos</strong></span> <span class='ocrx_word' id='word_1_21' title='bbox 2283 933 2526 983; x_wconf 76' lang='lat' dir='ltr'><strong>vacuos</strong></span> 
     </span>
     <span class='ocr_line' id='line_1_5' title="bbox 654 1028 2526 1113; baseline -0.008 -3"><span class='ocrx_word' id='word_1_22' title='bbox 654 1041 951 1110; x_wconf 78' lang='lat' dir='ltr'><strong>formant.</strong></span> <span class='ocrx_word' id='word_1_23' title='bbox 1040 1036 1285 1104; x_wconf 74' lang='lat' dir='ltr'><strong>Natura</strong></span> <span class='ocrx_word' id='word_1_24' title='bbox 1334 1034 1412 1100; x_wconf 79' lang='lat' dir='ltr'><strong>ad</strong></span> <span class='ocrx_word' id='word_1_25' title='bbox 1451 1047 1666 1101; x_wconf 76' lang='lat' dir='ltr'><strong>ramos·</strong></span> <span class='ocrx_word' id='word_1_26' title='bbox 1717 1028 2160 1112; x_wconf 85' lang='lat' dir='ltr'><strong>producendos</strong></span> <span class='ocrx_word' id='word_1_27' title='bbox 2205 1029 2301 1096; x_wconf 87' lang='lat' dir='ltr'><strong>his</strong></span> <span class='ocrx_word' id='word_1_28' title='bbox 2337 1031 2526 1113; x_wconf 78' lang='lat' dir='ltr'><strong>plan-</strong></span> 
     </span>
     <span class='ocr_line' id='line_1_6' title="bbox 660 1144 2529 1242; baseline -0.006 -17"><span class='ocrx_word' id='word_1_29' title='bbox 660 1163 749 1226; x_wconf 80' lang='lat' dir='ltr'><strong>tis</strong></span> <span class='ocrx_word' id='word_1_30' title='bbox 796 1157 1079 1242; x_wconf 68' lang='lat' dir='ltr'><strong>genicula</strong></span> <span class='ocrx_word' id='word_1_31' title='bbox 1130 1149 1486 1230; x_wconf 78' lang='lat' dir='ltr'><strong>concessit,</strong></span> <span class='ocrx_word' id='word_1_32' title='bbox 1531 1163 1802 1230; x_wconf 82' lang='lat' dir='ltr'><strong>quorum</strong></span> <span class='ocrx_word' id='word_1_33' title='bbox 1841 1159 2158 1214; x_wconf 76' lang='lat' dir='ltr'>structura</span> <span class='ocrx_word' id='word_1_34' title='bbox 2193 1144 2321 1214; x_wconf 84' lang='lat' dir='ltr'><strong>fere</strong></span> <span class='ocrx_word' id='word_1_35' title='bbox 2359 1163 2529 1214; x_wconf 86' lang='lat' dir='ltr'><strong>con·</strong></span> 
     </span>
     <span class='ocr_line' id='line_1_7' title="bbox 658 1265 2524 1348; baseline -0.006 -6"><span class='ocrx_word' id='word_1_36' title='bbox 658 1273 836 1344; x_wconf 83' lang='lat' dir='ltr'><strong>venit</strong></span> <span class='ocrx_word' id='word_1_37' title='bbox 890 1289 1035 1344; x_wconf 72' lang='lat' dir='ltr'><strong>cum</strong></span> <span class='ocrx_word' id='word_1_38' title='bbox 1096 1282 1413 1338; x_wconf 74' lang='lat' dir='ltr'><strong>structura</strong></span> <span class='ocrx_word' id='word_1_39' title='bbox 1483 1265 1748 1332; x_wconf 78' lang='lat' dir='ltr'><strong>caulium</strong></span> <span class='ocrx_word' id='word_1_40' title='bbox 1809 1265 2210 1346; x_wconf 66' lang='lat' dir='ltr'><strong>plantarum3</strong></span> <span class='ocrx_word' id='word_1_41' title='bbox 2257 1281 2524 1348; x_wconf 77' lang='lat' dir='ltr'><strong>quarum</strong></span> 
     </span>
     <span class='ocr_line' id='line_1_8' title="bbox 670 1383 1638 1460; baseline -0.014 1"><span class='ocrx_word' id='word_1_42' title='bbox 670 1393 900 1460; x_wconf 69' lang='lat' dir='ltr'><strong>canalis</strong></span> <span class='ocrx_word' id='word_1_43' title='bbox 956 1389 1281 1455; x_wconf 76' lang='lat' dir='ltr'><strong>medullam</strong></span> <span class='ocrx_word' id='word_1_44' title='bbox 1332 1383 1638 1450; x_wconf 88' lang='lat' dir='ltr'><strong>continet.</strong></span> 
     </span>
    </p>

    <p class='ocr_par' dir='ltr' id='par_1_3' title="bbox 666 1495 2552 3804">
     <span class='ocr_line' id='line_1_9' title="bbox 760 1495 2546 1586; baseline -0.008 -7"><span class='ocrx_word' id='word_1_45' title='bbox 760 1507 1139 1578; x_wconf 73' lang='lat' dir='ltr'>Sententiam</span> <span class='ocrx_word' id='word_1_46' title='bbox 1162 1551 1189 1582; x_wconf 84' lang='lat'><strong>,</strong></span> <span class='ocrx_word' id='word_1_47' title='bbox 1238 1503 1417 1586; x_wconf 80' lang='lat' dir='ltr'><strong>quod</strong></span> <span class='ocrx_word' id='word_1_48' title='bbox 1479 1498 1673 1568; x_wconf 83' lang='lat' dir='ltr'><strong>tubus</strong></span> <span class='ocrx_word' id='word_1_49' title='bbox 1719 1495 2072 1566; x_wconf 75' lang='lat' dir='ltr'><strong>medullaris</strong></span> <span class='ocrx_word' id='word_1_50' title='bbox 2129 1495 2214 1562; x_wconf 87' lang='lat' dir='ltr'><strong>sit</strong></span> <span class='ocrx_word' id='word_1_51' title='bbox 2273 1495 2546 1564; x_wconf 78' lang='lat' dir='ltr'><strong>unicum</strong></span> 
     </span>
     <span class='ocr_line' id='line_1_10' title="bbox 666 1610 2536 1712; baseline -0.01 -16"><span class='ocrx_word' id='word_1_52' title='bbox 666 1643 947 1712; x_wconf 70' lang='lat' dir='ltr'><strong>orgenon</strong></span> <span class='ocrx_word' id='word_1_53' title='bbox 982 1641 1061 1692; x_wconf 84' lang='lat' dir='ltr'><strong>ex</strong></span> <span class='ocrx_word' id='word_1_54' title='bbox 1104 1639 1234 1704; x_wconf 86' lang='lat' dir='ltr'><strong>quo</strong></span> <span class='ocrx_word' id='word_1_55' title='bbox 1288 1631 1562 1696; x_wconf 77' lang='lat' dir='ltr'><strong>gemmae</strong></span> <span class='ocrx_word' id='word_1_56' title='bbox 1603 1627 1666 1678; x_wconf 89' lang='lat' dir='ltr'><strong>et</strong></span> <span class='ocrx_word' id='word_1_57' title='bbox 1717 1614 1870 1680; x_wconf 79' lang='lat' dir='ltr'><strong>rami</strong></span> <span class='ocrx_word' id='word_1_58' title='bbox 1919 1611 2247 1693; x_wconf 86' lang='lat' dir='ltr'><strong>oriuntur,</strong></span> <span class='ocrx_word' id='word_1_59' title='bbox 2291 1610 2536 1678; x_wconf 76' lang='lat' dir='ltr'><strong>confir-</strong></span> 
     </span>
     <span class='ocr_line' id='line_1_11' title="bbox 667 1723 2535 1815; baseline -0.012 0"><span class='ocrx_word' id='word_1_60' title='bbox 667 1758 889 1815; x_wconf 67' lang='lat' dir='ltr'><strong>matam</strong></span> <span class='ocrx_word' id='word_1_61' title='bbox 960 1735 1203 1814; x_wconf 80' lang='lat' dir='ltr'><strong>invenit</strong></span> <span class='ocrx_word' id='word_1_62' title='bbox 1276 1728 1833 1799; x_wconf 72' lang='lat' dir='ltr'><strong>observationibus</strong></span> <span class='ocrx_word' id='word_1_63' title='bbox 1903 1744 2050 1808; x_wconf 75' lang='lat' dir='ltr'><strong>quas</strong></span> <span class='ocrx_word' id='word_1_64' title='bbox 2115 1723 2387 1791; x_wconf 75' lang='lat' dir='ltr'><strong>instituit</strong></span> <span class='ocrx_word' id='word_1_65' title='bbox 2435 1725 2535 1794; x_wconf 84' lang='lat' dir='ltr'><strong>de.</strong></span> 
     </span>
     <span class='ocr_line' id='line_1_12' title="bbox 670 1843 2546 1930; baseline -0.013 1"><span class='ocrx_word' id='word_1_66' title='bbox 670 1859 1015 1930; x_wconf 82' lang='lat' dir='ltr'><strong>insertione</strong></span> <span class='ocrx_word' id='word_1_67' title='bbox 1067 1870 1379 1920; x_wconf 79' lang='lat' dir='ltr'><strong>ramorum</strong></span> <span class='ocrx_word' id='word_1_68' title='bbox 1437 1849 1797 1914; x_wconf 77' lang='lat' dir='ltr'><strong>adultorum</strong></span> <span class='ocrx_word' id='word_1_69' title='bbox 1851 1845 1917 1911; x_wconf 90' lang='lat' dir='ltr'><strong>in</strong></span> <span class='ocrx_word' id='word_1_70' title='bbox 1973 1843 2205 1910; x_wconf 83' lang='lat' dir='ltr'><strong>truncis</strong></span> <span class='ocrx_word' id='word_1_71' title='bbox 2249 1859 2546 1927; x_wconf 70' lang='lat' dir='ltr'><strong>prorsus.</strong></span> 
     </span>
     <span class='ocr_line' id='line_1_13' title="bbox 672 1959 2544 2045; baseline -0.013 0"><span class='ocrx_word' id='word_1_72' title='bbox 672 1975 1027 2045; x_wconf 75' lang='lat' dir='ltr'><strong>exsiccatis.</strong></span> <span class='ocrx_word' id='word_1_73' title='bbox 1108 1971 1189 2040; x_wconf 87' lang='lat' dir='ltr'><strong>In</strong></span> <span class='ocrx_word' id='word_1_74' title='bbox 1229 1965 1414 2034; x_wconf 80' lang='lat' dir='ltr'><strong>ramis</strong></span> <span class='ocrx_word' id='word_1_75' title='bbox 1453 1963 1682 2032; x_wconf 83' lang='lat' dir='ltr'><strong>adultis</strong></span> <span class='ocrx_word' id='word_1_76' title='bbox 1743 1959 2190 2044; x_wconf 73' lang='lat' dir='ltr'><strong>productiones</strong></span> <span class='ocrx_word' id='word_1_77' title='bbox 2231 1975 2366 2026; x_wconf 87' lang='lat' dir='ltr'><strong>non</strong></span> <span class='ocrx_word' id='word_1_78' title='bbox 2403 1975 2544 2028; x_wconf 71' lang='lat' dir='ltr'><strong>am·</strong></span> 
     </span>
     <span class='ocr_line' id='line_1_14' title="bbox 672 2076 2544 2180; baseline -0.01 -18"><span class='ocrx_word' id='word_1_79' title='bbox 672 2094 847 2180; x_wconf 73' lang='lat' dir='ltr'><strong>plius</strong></span> <span class='ocrx_word' id='word_1_80' title='bbox 898 2105 1051 2170; x_wconf 80' lang='lat' dir='ltr'><strong>sunt</strong></span> <span class='ocrx_word' id='word_1_81' title='bbox 1105 2087 1434 2154; x_wconf 71' lang='lat' dir='ltr'><strong>herbaceae</strong></span> <span class='ocrx_word' id='word_1_82' title='bbox 1455 2131 1480 2164; x_wconf 92' lang='lat'>‚</span> <span class='ocrx_word' id='word_1_83' title='bbox 1565 2081 1678 2146; x_wconf 88' lang='lat' dir='ltr'><strong>sed</strong></span> <span class='ocrx_word' id='word_1_84' title='bbox 1721 2079 2007 2163; x_wconf 83' lang='lat' dir='ltr'><strong>lignosae</strong></span> <span class='ocrx_word' id='word_1_85' title='bbox 2061 2077 2336 2146; x_wconf 71' lang='lat' dir='ltr'><strong>redditae</strong></span> <span class='ocrx_word' id='word_1_86' title='bbox 2353 2123 2381 2159; x_wconf 91' lang='lat'>‚</span> <span class='ocrx_word' id='word_1_87' title='bbox 2439 2076 2544 2144; x_wconf 85' lang='lat' dir='ltr'><strong>uti·</strong></span> 
     </span>
     <span class='ocr_line' id='line_1_15' title="bbox 680 2196 2542 2286; baseline -0.011 -6"><span class='ocrx_word' id='word_1_88' title='bbox 680 2213 865 2285; x_wconf 75' lang='lat' dir='ltr'><strong>etim</strong></span> <span class='ocrx_word' id='word_1_89' title='bbox 912 2209 1191 2284; x_wconf 69' lang='lat' dir='ltr'><strong>Latet-ales</strong></span> <span class='ocrx_word' id='word_1_90' title='bbox 1248 2221 1410 2286; x_wconf 82' lang='lat' dir='ltr'><strong>quae</strong></span> <span class='ocrx_word' id='word_1_91' title='bbox 1463 2199 1802 2270; x_wconf 75' lang='lat' dir='ltr'><strong>exsiccatae</strong></span> <span class='ocrx_word' id='word_1_92' title='bbox 1855 2213 2033 2264; x_wconf 90' lang='lat' dir='ltr'><strong>sunt.</strong></span> <span class='ocrx_word' id='word_1_93' title='bbox 2139 2196 2358 2264; x_wconf 88' lang='lat' dir='ltr'><strong>Sectio</strong></span> <span class='ocrx_word' id='word_1_94' title='bbox 2399 2211 2542 2277; x_wconf 82' lang='lat' dir='ltr'><strong>per-</strong></span> 
     </span>
     <span class='ocr_line' id='line_1_16' title="bbox 678 2311 2552 2415; baseline -0.01 -20"><span class='ocrx_word' id='word_1_95' title='bbox 678 2321 1095 2415; x_wconf 81' lang='lat' dir='ltr'><strong>pendicularis</strong></span> <span class='ocrx_word' id='word_1_96' title='bbox 1146 2318 1351 2396; x_wconf 77' lang='lat' dir='ltr'><strong>trunci</strong></span> <span class='ocrx_word' id='word_1_97' title='bbox 1413 2315 1666 2384; x_wconf 81' lang='lat' dir='ltr'><strong>ramosi.</strong></span> <span class='ocrx_word' id='word_1_98' title='bbox 1714 2316 1898 2382; x_wconf 85' lang='lat' dir='ltr'><strong>docet</strong></span> <span class='ocrx_word' id='word_1_99' title='bbox 1953 2312 2178 2378; x_wconf 86' lang='lat' dir='ltr'><strong>tubum</strong></span> <span class='ocrx_word' id='word_1_100' title='bbox 2243 2311 2552 2380; x_wconf 70' lang='lat' dir='ltr'><strong>medulla·</strong></span> 
     </span>
     <span class='ocr_line' id='line_1_17' title="bbox 677 2427 2531 2516; baseline -0.009 -5"><span class='ocrx_word' id='word_1_101' title='bbox 677 2461 805 2510; x_wconf 83' lang='lat' dir='ltr'><strong>rem</strong></span> <span class='ocrx_word' id='word_1_102' title='bbox 852 2438 1001 2506; x_wconf 75' lang='lat' dir='ltr'><strong>rami</strong></span> <span class='ocrx_word' id='word_1_103' title='bbox 1041 2453 1289 2516; x_wconf 83' lang='lat' dir='ltr'><strong>semper</strong></span> <span class='ocrx_word' id='word_1_104' title='bbox 1344 2433 1497 2498; x_wconf 90' lang='lat' dir='ltr'><strong>oriri</strong></span> <span class='ocrx_word' id='word_1_105' title='bbox 1557 2453 1636 2500; x_wconf 84' lang='lat' dir='ltr'><strong>ex</strong></span> <span class='ocrx_word' id='word_1_106' title='bbox 1695 2431 1846 2498; x_wconf 89' lang='lat' dir='ltr'><strong>tubo</strong></span> <span class='ocrx_word' id='word_1_107' title='bbox 1891 2427 2210 2496; x_wconf 80' lang='lat' dir='ltr'><strong>medullari</strong></span> <span class='ocrx_word' id='word_1_108' title='bbox 2271 2428 2531 2510; x_wconf 57' lang='lat' dir='ltr'><strong>nuncu</strong></span> 
     </span>
     <span class='ocr_line' id='line_1_18' title="bbox 678 2539 2542 2636; baseline -0.011 -8"><span class='ocrx_word' id='word_1_109' title='bbox 678 2575 917 2628; x_wconf 75' lang='lat' dir='ltr'><strong>ramum</strong></span> <span class='ocrx_word' id='word_1_110' title='bbox 970 2570 1288 2636; x_wconf 76' lang='lat' dir='ltr'><strong>nunquam</strong></span> <span class='ocrx_word' id='word_1_111' title='bbox 1350 2549 1419 2615; x_wconf 88' lang='lat' dir='ltr'><strong>in</strong></span> <span class='ocrx_word' id='word_1_112' title='bbox 1471 2563 1699 2616; x_wconf 86' lang='lat' dir='ltr'><strong>trunco</strong></span> <span class='ocrx_word' id='word_1_113' title='bbox 1753 2563 1978 2613; x_wconf 83' lang='lat' dir='ltr'><strong>conum</strong></span> <span class='ocrx_word' id='word_1_114' title='bbox 2018 2545 2332 2612; x_wconf 83' lang='lat' dir='ltr'><strong>inversum</strong></span> <span class='ocrx_word' id='word_1_115' title='bbox 2393 2539 2542 2610; x_wconf 71' lang='lat' dir='ltr'><strong>for..</strong></span> 
     </span>
     <span class='ocr_line' id='line_1_19' title="bbox 678 2664 2536 2757; baseline -0.01 -10"><span class='ocrx_word' id='word_1_116' title='bbox 678 2693 845 2748; x_wconf 77' lang='lat' dir='ltr'><strong>mare</strong></span> <span class='ocrx_word' id='word_1_117' title='bbox 867 2722 892 2757; x_wconf 88' lang='lat'><strong>‚</strong></span> <span class='ocrx_word' id='word_1_118' title='bbox 976 2671 1072 2738; x_wconf 89' lang='lat' dir='ltr'><strong>uti</strong></span> <span class='ocrx_word' id='word_1_119' title='bbox 1134 2665 1422 2736; x_wconf 83' lang='lat' dir='ltr'><strong>nonnulli</strong></span> <span class='ocrx_word' id='word_1_120' title='bbox 1503 2679 1732 2749; x_wconf 81' lang='lat' dir='ltr'><strong>putant</strong></span> <span class='ocrx_word' id='word_1_121' title='bbox 1793 2664 1956 2748; x_wconf 82' lang='grc' dir='ltr'>(ι),</span> <span class='ocrx_word' id='word_1_122' title='bbox 2035 2675 2222 2745; x_wconf 78' lang='lat' dir='ltr'><strong>atque</strong></span> <span class='ocrx_word' id='word_1_123' title='bbox 2291 2679 2536 2730; x_wconf 73' lang='lat' dir='ltr'><strong>ramum</strong></span> 
     </span>
     <span class='ocr_line' id='line_1_20' title="bbox 676 2781 2537 2872; baseline -0.009 -8"><span class='ocrx_word' id='word_1_124' title='bbox 676 2794 918 2865; x_wconf 79' lang='lat' dir='ltr'><strong>arboris</strong></span> <span class='ocrx_word' id='word_1_125' title='bbox 966 2805 1285 2872; x_wconf 81' lang='lat' dir='ltr'><strong>nunquam</strong></span> <span class='ocrx_word' id='word_1_126' title='bbox 1332 2785 1674 2868; x_wconf 83' lang='lat' dir='ltr'><strong>comparari</strong></span> <span class='ocrx_word' id='word_1_127' title='bbox 1715 2799 1912 2867; x_wconf 88' lang='lat' dir='ltr'><strong>posse</strong></span> <span class='ocrx_word' id='word_1_128' title='bbox 1949 2799 2090 2848; x_wconf 89' lang='lat' dir='ltr'><strong>cum</strong></span> <span class='ocrx_word' id='word_1_129' title='bbox 2129 2781 2338 2863; x_wconf 75' lang='lat' dir='ltr'><strong>plenta</strong></span> <span class='ocrx_word' id='word_1_130' title='bbox 2358 2825 2384 2862; x_wconf 92' lang='lat'><strong><em>‚</em></strong></span> <span class='ocrx_word' id='word_1_131' title='bbox 2421 2796 2537 2848; x_wconf 85' lang='lat' dir='ltr'><strong>cu-</strong></span> 
     </span>
     <span class='ocr_line' id='line_1_21' title="bbox 674 2900 2540 3002; baseline -0.007 -23"><span class='ocrx_word' id='word_1_132' title='bbox 674 2917 781 3002; x_wconf 84' lang='lat' dir='ltr'><strong>jus</strong></span> <span class='ocrx_word' id='word_1_133' title='bbox 840 2909 1076 2978; x_wconf 76' lang='lat' dir='ltr'><strong>radices</strong></span> <span class='ocrx_word' id='word_1_134' title='bbox 1128 2919 1279 2974; x_wconf 91' lang='lat' dir='ltr'><strong>sunt</strong></span> <span class='ocrx_word' id='word_1_135' title='bbox 1333 2905 1400 2971; x_wconf 92' lang='lat' dir='ltr'><strong>in</strong></span> <span class='ocrx_word' id='word_1_136' title='bbox 1457 2903 1602 2970; x_wconf 88' lang='lat' dir='ltr'><strong>solo</strong></span> <span class='ocrx_word' id='word_1_137' title='bbox 1657 2901 1894 2985; x_wconf 82' lang='lat' dir='ltr'><strong>ligneo.</strong></span> <span class='ocrx_word' id='word_1_138' title='bbox 1983 2900 2437 2968; x_wconf 78' lang='lat' dir='ltr'><strong>lucrementum</strong></span> <span class='ocrx_word' id='word_1_139' title='bbox 2475 2901 2540 2966; x_wconf 85' lang='lat' dir='ltr'><strong>in</strong></span> 
     </span>
     <span class='ocr_line' id='line_1_22' title="bbox 679 3012 2540 3116; baseline -0.008 -16"><span class='ocrx_word' id='word_1_140' title='bbox 679 3029 1136 3116; x_wconf 88' lang='lat' dir='ltr'><strong>longitudinem</strong></span> <span class='ocrx_word' id='word_1_141' title='bbox 1220 3037 1594 3108; x_wconf 76' lang='lat' dir='ltr'><strong>gemmarum</strong></span> <span class='ocrx_word' id='word_1_142' title='bbox 1683 3032 1750 3084; x_wconf 93' lang='lat' dir='ltr'><strong>et</strong></span> <span class='ocrx_word' id='word_1_143' title='bbox 1817 3035 2135 3085; x_wconf 73' lang='lat' dir='ltr'><strong>ramorum</strong></span> <span class='ocrx_word' id='word_1_144' title='bbox 2213 3012 2540 3086; x_wconf 79' lang='lat' dir='ltr'><strong>adscensui</strong></span> 
     </span>
     <span class='ocr_line' id='line_1_23' title="bbox 685 3135 2540 3224; baseline -0.012 -5"><span class='ocrx_word' id='word_1_145' title='bbox 685 3152 987 3220; x_wconf 81' lang='lat' dir='ltr'><strong>tuborum</strong></span> <span class='ocrx_word' id='word_1_146' title='bbox 1030 3145 1173 3212; x_wconf 86' lang='lat' dir='ltr'><strong>libri</strong></span> <span class='ocrx_word' id='word_1_147' title='bbox 1224 3140 1715 3224; x_wconf 79' lang='lat' dir='ltr'><strong>adscripserunt.</strong></span> <span class='ocrx_word' id='word_1_148' title='bbox 1803 3136 2060 3202; x_wconf 78' lang='lat' dir='ltr'><strong>Sivero</strong></span> <span class='ocrx_word' id='word_1_149' title='bbox 2095 3135 2370 3202; x_wconf 82' lang='lat' dir='ltr'><strong>ramulus</strong></span> <span class='ocrx_word' id='word_1_150' title='bbox 2403 3149 2540 3200; x_wconf 87' lang='lat' dir='ltr'><strong>cor-</strong></span> 
     </span>
     <span class='ocr_line' id='line_1_24' title="bbox 680 3247 2536 3340; baseline -0.013 -6"><span class='ocrx_word' id='word_1_151' title='bbox 680 3268 807 3334; x_wconf 83' lang='lat' dir='ltr'><strong>tice</strong></span> <span class='ocrx_word' id='word_1_152' title='bbox 846 3285 965 3332; x_wconf 89' lang='lat' dir='ltr'><strong>suo</strong></span> <span class='ocrx_word' id='word_1_153' title='bbox 1026 3262 1283 3329; x_wconf 87' lang='lat' dir='ltr'><strong>orbetur</strong></span> <span class='ocrx_word' id='word_1_154' title='bbox 1338 3278 1405 3324; x_wconf 77' lang='lat' dir='ltr'><strong>v·</strong></span> <span class='ocrx_word' id='word_1_155' title='bbox 1465 3275 1530 3322; x_wconf 88' lang='lat' dir='ltr'><strong>c.</strong></span> <span class='ocrx_word' id='word_1_156' title='bbox 1593 3253 1660 3320; x_wconf 88' lang='lat' dir='ltr'><strong>in</strong></span> <span class='ocrx_word' id='word_1_157' title='bbox 1713 3253 1949 3340; x_wconf 79' lang='lat' dir='ltr'><strong>Populo</strong></span> <span class='ocrx_word' id='word_1_158' title='bbox 2002 3251 2286 3318; x_wconf 84' lang='lat' dir='ltr'><strong>videmus</strong></span> <span class='ocrx_word' id='word_1_159' title='bbox 2329 3247 2536 3313; x_wconf 78' lang='lat' dir='ltr'><strong>albun-</strong></span> 
     </span>
     <span class='ocr_line' id='line_1_25' title="bbox 686 3363 2533 3458; baseline -0.009 -10"><span class='ocrx_word' id='word_1_160' title='bbox 686 3399 841 3450; x_wconf 87' lang='lat' dir='ltr'><strong>num</strong></span> <span class='ocrx_word' id='word_1_161' title='bbox 896 3395 1219 3458; x_wconf 81' lang='lat' dir='ltr'><strong>nunquam</strong></span> <span class='ocrx_word' id='word_1_162' title='bbox 1270 3377 1598 3456; x_wconf 80' lang='lat' dir='ltr'><strong>hucusque</strong></span> <span class='ocrx_word' id='word_1_163' title='bbox 1649 3371 1942 3456; x_wconf 85' lang='lat' dir='ltr'><strong>produci.</strong></span> <span class='ocrx_word' id='word_1_164' title='bbox 2047 3370 2192 3436; x_wconf 77' lang='lat' dir='ltr'><strong>Pars</strong></span> <span class='ocrx_word' id='word_1_165' title='bbox 2245 3363 2533 3450; x_wconf 82' lang='lat' dir='ltr'><strong>superior</strong></span> 
     </span>
     <span class='ocr_line' id='line_1_26' title="bbox 685 3481 2537 3578; baseline -0.009 -14"><span class='ocrx_word' id='word_1_166' title='bbox 685 3494 838 3564; x_wconf 67' lang='lat' dir='ltr'><strong>romi</strong></span> <span class='ocrx_word' id='word_1_167' title='bbox 878 3507 941 3559; x_wconf 87' lang='lat' dir='ltr'><strong>et</strong></span> <span class='ocrx_word' id='word_1_168' title='bbox 988 3509 1261 3578; x_wconf 79' lang='lat' dir='ltr'><strong>gemmae</strong></span> <span class='ocrx_word' id='word_1_169' title='bbox 1310 3491 1574 3558; x_wconf 81' lang='lat' dir='ltr'><strong>formata</strong></span> <span class='ocrx_word' id='word_1_170' title='bbox 1613 3501 1713 3554; x_wconf 88' lang='lat' dir='ltr'><strong>est</strong></span> <span class='ocrx_word' id='word_1_171' title='bbox 1755 3488 2060 3568; x_wconf 75' lang='lat' dir='ltr'><strong>medulla,</strong></span> <span class='ocrx_word' id='word_1_172' title='bbox 2101 3483 2256 3550; x_wconf 90' lang='lat' dir='ltr'><strong>tubo</strong></span> <span class='ocrx_word' id='word_1_173' title='bbox 2287 3481 2537 3548; x_wconf 85' lang='lat' dir='ltr'><strong>medul-</strong></span> 
     </span>
     <span class='ocr_line' id='line_1_27' title="bbox 686 3597 2544 3682; baseline -0.009 0"><span class='ocrx_word' id='word_1_174' title='bbox 686 3611 801 3682; x_wconf 68' lang='lat' dir='ltr'><strong>lati</strong></span> <span class='ocrx_word' id='word_1_175' title='bbox 840 3625 905 3676; x_wconf 88' lang='lat' dir='ltr'><strong>et</strong></span> <span class='ocrx_word' id='word_1_176' title='bbox 948 3608 1203 3678; x_wconf 84' lang='lat' dir='ltr'><strong>cortice.</strong></span> <span class='ocrx_word' id='word_1_177' title='bbox 1286 3607 1389 3674; x_wconf 84' lang='lat' dir='ltr'><strong>Ex</strong></span> <span class='ocrx_word' id='word_1_178' title='bbox 1443 3610 1554 3674; x_wconf 83' lang='lat' dir='ltr'><strong>hac</strong></span> <span class='ocrx_word' id='word_1_179' title='bbox 1611 3605 2050 3673; x_wconf 80' lang='lat' dir='ltr'><strong>observatione</strong></span> <span class='ocrx_word' id='word_1_180' title='bbox 2083 3599 2399 3668; x_wconf 86' lang='lat' dir='ltr'><strong>concludit</strong></span> <span class='ocrx_word' id='word_1_181' title='bbox 2439 3597 2544 3666; x_wconf 83' lang='lat' dir='ltr'><strong>in·</strong></span> 
     </span>
     <span class='ocr_line' id='line_1_28' title="bbox 686 3718 2544 3804; baseline -0.01 -2"><span class='ocrx_word' id='word_1_182' title='bbox 686 3743 1065 3802; x_wconf 73' lang='lat' dir='ltr'><strong>crementum</strong></span> <span class='ocrx_word' id='word_1_183' title='bbox 1110 3742 1476 3804; x_wconf 81' lang='lat' dir='ltr'><strong>truncorum</strong></span> <span class='ocrx_word' id='word_1_184' title='bbox 1533 3740 1598 3791; x_wconf 91' lang='lat' dir='ltr'><strong>et</strong></span> <span class='ocrx_word' id='word_1_185' title='bbox 1653 3722 2164 3794; x_wconf 75' lang='lat' dir='ltr'><strong>ramificationum</strong></span> <span class='ocrx_word' id='word_1_186' title='bbox 2200 3718 2392 3788; x_wconf 79' lang='lat' dir='ltr'><strong>unice</strong></span> <span class='ocrx_word' id='word_1_187' title='bbox 2431 3718 2544 3784; x_wconf 85' lang='lat' dir='ltr'><strong>de-</strong></span> 
     </span>
    </p>

    <p class='ocr_par' dir='ltr' id='par_1_4' title="bbox 1476 3853 2545 3923">
     <span class='ocr_line' id='line_1_29' title="bbox 1476 3853 2545 3923; baseline -0.01 -1"><span class='ocrx_word' id='word_1_188' title='bbox 1476 3916 1482 3922; x_wconf 85' lang='lat'><strong>.</strong></span> <span class='ocrx_word' id='word_1_189' title='bbox 2383 3853 2545 3923; x_wconf 83' lang='lat' dir='ltr'><strong>pen-</strong></span> 
     </span>
    </p>

    <p class='ocr_par' dir='ltr' id='par_1_5' title="bbox 757 3983 1809 4050">
     <span class='ocr_line' id='line_1_30' title="bbox 757 3983 1809 4050; baseline -0.01 -8"><span class='ocrx_word' id='word_1_190' title='bbox 757 3987 850 4050; x_wconf 72' lang='grc' dir='ltr'><strong>(ι)</strong></span> <span class='ocrx_word' id='word_1_191' title='bbox 879 3984 973 4040; x_wconf 81' lang='lat' dir='ltr'><strong>Du</strong></span> <span class='ocrx_word' id='word_1_192' title='bbox 1010 3987 1281 4048; x_wconf 74' lang='lat' dir='ltr'><strong>Hemel,</strong></span> <span class='ocrx_word' id='word_1_193' title='bbox 1314 3986 1356 4036; x_wconf 84' lang='lat'><strong>1.</strong></span> <span class='ocrx_word' id='word_1_194' title='bbox 1393 3986 1431 4038; x_wconf 84' lang='grc' dir='ltr'><strong>Ι.</strong></span> <span class='ocrx_word' id='word_1_195' title='bbox 1465 3983 1526 4034; x_wconf 85' lang='grc' dir='ltr'><strong>Τ.</strong></span> <span class='ocrx_word' id='word_1_196' title='bbox 1561 3983 1602 4034; x_wconf 86' lang='lat'><strong>1.</strong></span> <span class='ocrx_word' id='word_1_197' title='bbox 1635 3996 1692 4044; x_wconf 75' lang='lat' dir='ltr'><strong>p·</strong></span> <span class='ocrx_word' id='word_1_198' title='bbox 1727 3995 1809 4048; x_wconf 79' lang='lat'><strong>94.</strong></span> 
     </span>
    </p>
   </div>
  </div>
 </body>
</html>
