2809 4992
764 564 873 651 m
1368 553 2023 671 οΒΑτια

1012 808 1601 901 QUAEs'rlo
1681 814 2372 896 ιιτΕιιΛιιιΑ.
2461 790 2470 801 ’

857 1064 1019 1147 Vita
1082 1066 1371 1146 Periclis
1389 1116 1416 1158 ,
1507 1089 1594 1141 ex
1652 1062 1829 1166 ipsis
1889 1063 2202 1141 fontibus
2225 1114 2250 1155 ,
2321 1063 2629 1145 maxime

760 1196 1143 1293 Plutarcho
1164 1252 1187 1291 ,
1235 1196 1478 1299 petita.
1555 1194 1706 1269 Viri
1749 1192 2356 1273 characterismus.
2429 1192 2632 1295 Quid

758 1328 1178 1432 prosuerunt
1258 1324 1411 1422 ejus
1489 1318 1780 1423 politica
1851 1320 2143 1399 consilia
2193 1320 2485 1401 *civitati
2553 1335 2629 1403 et

760 1458 1065 1563 imperio
1105 1453 1638 1535 Atheniensium
1655 1454 1696 1530 2>
1791 1452 1984 1554 Quid
2029 1456 2486 1535 nocuerunt?

760 1712 845 1764 U·
1274 1698 2102 1764 W

852 1914 969 1997 En
1050 1910 1259 1997 vobis
1280 1968 1305 2007 ,
1377 1908 1661 2014 ingenui
1710 1910 1760 1991 J
1760 1914 2052 1992 uvenes!
2129 1934 2352 1995 novas
2387 1938 2626 2015 quae-

758 2048 1023 2129 stiones
1084 2042 1512 2150 propositas.
1617 2040 1858 2120 Alacri
1903 2042 2141 2121 animo
2196 2042 2339 2123 hoc
2393 2043 2576 2147 agite
2594 2098 2622 2140 ,

758 2174 1117 2283 experturi
1134 2228 1161 2269 ‚
1234 2172 1408 2275 quid
1481 2172 1760 2251 valeant
1817 2170 2092 2253 humeri
2107 2226 2134 2268 ,
2200 2173 2376 2277 quid
2433 2176 2624 2257 ferre

759 2318 1110 2387 recusent.

854 2432 1051 2510 Haec
1114 2448 1354 2531 pugna
1439 2438 1628 2504 certe
1693 2424 1894 2503 vobis
1965 2426 2292 2505 convenit
2351 2428 2618 2531 magis,

756 2586 974 2662 quam
1036 2558 1337 2650 bellum,
1407 2554 1607 2656 quod
1679 2553 2068 2689 etiamnunc
2129 2570 2379 2637 contra
2443 2560 2635 2640 Bel-

753 2716 882 2797 gas
912 2690 1092 2767 istos
1128 2687 1415 2790 geritur.
1541 2706 1546 2714 ·

848 2816 1061 2898 Faxit
1093 2818 1325 2909 Deus,
1376 2839 1468 2892 ne
1509 2815 1586 2891 in
1640 2826 2000 2917 posterum
2033 2838 2122 2893 eo
2178 2842 2296 2897 res
2327 2820 2616 2917 redeat,
2637 2842 2642 2847 ·

752 2950 1179 3050 Patriaeque
1224 2944 1610 3029 discrimen
1631 2996 1655 3039 ,
1703 2957 1784 3021 ut
1827 2945 2059 3023 denuo
2104 2945 2196 3021 ad
2233 2966 2431 3025 arma
2472 2974 2618 3029 vo-

754 3078 1048 3161 cemini!

850 3210 1217 3289 Musarum
1267 3207 1452 3284 enirn
1507 3202 1774 3281 chorus
1833 3226 1993 3281 cum
2036 3202 2267 3285 Marte
2320 3220 2392 3286 et
2440 3208 2618 3289 Bei-

752 3340 919 3417 lona
964 3338 1069 3414 nil
1122 3332 1510 3434 quidquam
1561 3329 1781 3409 hahet
1829 3351 2201 3415 commune
2243 3344 2316 3411 et
2351 3336 2446 3413 ab
2487 3363 2615 3417 ar..

734 3490 1027 3549 morum
1070 3463 1369 3565 strepitu
1417 3462 1794 3541 abhorret!

752 3591 1063 3694 Quod
1100 3592 1161 3669 si
1220 3592 1318 3669 ita
1366 3591 1578 3669 nobis
1623 3615 1662 3667 e
1717 3600 1885 3701 voto
1931 3586 2303 3682 succedat,
2360 3592 2616 3695 proxi-

746 3746 913 3815 mc,
959 3722 1037 3799 in
1074 3720 1281 3821 hujus
1322 3719 1746 3799 Academiae
1785 3716 2122 3821 regimine
2155 3719 2616 3819 Successori,

746 3874 895 3931 non
970 3848 1243 3944 minor,
1309 3876 1546 3963 quam
1583 3874 1742 3961 mea
1809 3848 1984 3943 fuit,
2035 3848 2392 3971 continget
2451 3848 2616 3930 feli-

742 3983 959 4083 ‘elmi

842 4086 855 4103 ⁴
985 4120 1002 4131 ‘
2507 4108 2618 4183 11...
