2809 4992
822 421 1722 538 L1TERAR1A.³
2089 413 2170 552 2'9

326 651 639 737 nabetur,
702 665 775 720 ut
842 669 954 717 ore
1008 650 1335 717 durissimo
1390 649 1527 719 esse
1576 649 1886 718 videretur
1909 629 1954 734 ,⁶
2011 649 2176 736 qui,

317 769 627 856 praesente
678 783 757 836 eo
778 811 803 850 ‚
846 779 1094 853 geetum
1137 787 1322 852 agere
1357 783 1682 836 conaretur
1722 769 1862 854 (1).

400 887 553 954 Fuit
573 888 696 954 hoc
738 881 879 954 sane
916 899 1164 970 tempus
1186 931 1210 965 ‚
1256 899 1317 950 et
1359 871 1788 968 memorabile,
1841 900 1905 952 et
1939 887 2178 956 Roma-

317 1023 404 1072 no
462 1003 708 1072 nomini
766 999 1105 1086 gloriosum
1127 1045 1151 1082 ‚
1196 1019 1325 1082 quo
1376 1001 1508 1066 duo
1541 1001 1786 1067 maximi
1849 1017 2122 1070 oratores
2147 1049 2175 1086 ,

316 1123 541 1204 quales
602 1119 710 1186 vix
765 1117 1003 1204 ,finguli
1062 1116 1315 1199 lingulis
1374 1116 1550 1184 aevis
1599 1119 1994 1202 reperiuntur
2016 1166 2041 1200 ,
2087 1119 2182 1188 *de

318 1237 561 1302 summa
600 1233 841 1302 dicendi
882 1235 1075 1320 gloria
1103 1247 1436 1302 certarent.
1526 1237 1732 1302 Antea
1773 1235 2020 1318 quidem
2075 1255 2186 1304 ex-

324 1349 606 1422 stiterant
669 1352 771 1419 M.
836 1351 1291 1419 Antonius
1352 1366 1418 1418 et
1489 1352 1576 1420 L.
1641 1350 2061 1436 Cressae,
2115 1353 2183 1420 in

321 1469 579 1554 quibus,
615 1465 881 1554 primnm
936 1487 1079 1536 cum
1122 1469 1512 1536 Graecorum
1569 1468 1766 1554 gloria
1801 1469 2030 1558 Letine
2091 1465 2187 1538 dia

218 1611 224 1618 ·
316 1586 505 1654 cendi
534 1585 719 1669 copia
742 1601 837 1654 est
880 1601 1139 1672 aequata
1174 1587 1318 1672 (α).
1364 1587 1486 1656 His
1529 1605 1724 1671 vero,
1773 1587 1878 1655 etfi
1903 1589 2186 1672 quisque

318 1719 539 1770 eornm
593 1702 659 1770 in
704 1699 819 1770 suo
861 1695 1103 1771 dicendi
1134 1721 1359 1789 genere
1396 1705 1554 1772 adeo
1607 1705 1922 1789 perfectus
1971 1703 2132 1774 esset
2154 1753 2184 1790 ,

194 1809 209 1822 “
317 1817 585 1888 {benere
610 1834 685 1886 nt
712 1837 845 1888 non
882 1820 1139 1906 posses,
1186 1821 1387 1888 utrius
1430 1836 1492 1888 te
1529 1823 1741 1889 malles
1779 1822 2130 1892 fimiliorem
2153 1869 2182 1906 ,

318 1937 571 2004 dicendi
628 1937 813 2004 laude
866 1937 1049 2006 etiam
1119 1935 1420 2023 praestare
1455 1938 1746 2004 videntur
1825 1938 1892 2006 H
1911 1957 2096 2006 orte
2113 1957 2192 2006 n-

321 2055 513 2124 fius
554 2069 619 2122 et
666 2031 1007 2124 Cicero.
1094 2053 1184 2120 Hi
1222 2054 1464 2140 igitur-j,
1487 2054 1770 2137 quamvis
1811 2067 1944 2120 non
1987 2055 2188 2121 omni·

326 2189 421 2240 no
478 2171 683 2240 essent
732 2191 917 2256 pares
936 2215 961 2253 ,
1048 2171 1259 2238 eodem
1316 2171 1538 2238 ardore
1593 2169 1822 2242 incenfi
1849 2219 1872 2254 ,
1935 2173 2190 2242 ineunte

322 2293 529 2360 aetate
564 2287 957 2373 eloquentiae
1015 2303 1277 2372 operam·
1320 2289 1624 2385 dederunt
1644 2336 1669 2370 ,
1737 2305 1944 2387 neque
1979 2289 2176 2358 ullum

326 2407 729 2494 patiebantur
764 2405 927 2474 diem
960 2403 1091 2505 esse
1115 2450 1140 2488 ,
1182 2405 1337 2488 quin
1362 2451 1387 2488 ,
1422 2421 1530 2473 aut
1582 2406 1647 2472 in
1671 2403 1816 2472 foro
1855 2406 2134 2477 dicerent
2163 2457 2190 2495 ,

334 2541 443 2593 aut
500 2537 669 2592 extra
722 2521 933 2591 forum
988 2537 1440 2591 exercerentur.
1550 2524 1838 2606 Uterque
1867 2527 2190 2594 ·attulerat

335 2644 643 2730 optimum
683 2641 929 2708 dicendi
953 2636 1186 2726 genus,
1232 2640 1619 2724 splendidum
1664 2641 1822 2710 iilud
1857 2658 2046 2727 atque
2085 2665 2192 2712 or·

336 2776 550 2831 natum
572 2808 597 2846 ,
642 2759 817 2844 quod
868 2773 1071 2825 tamen
1114 2757 1271 2822 nihil
1330 2757 1512 2824 afflati
1553 2771 1620 2823 et
1665 2761 1950 2842 corrupti
1999 2761 2192 2830 habe-

320 2879 473 2948 ·bait.
579 2877 655 2944 In
716 2893 991 2958 utroque
1052 2891 1269 2956 magna
1322 2887 1452 2937 erat
1510 2871 1836 2940 memoriae
1879 2874 1972 2942 vis
1997 2921 2024 2958 ‚
2067 2897 2192 2960 qua

344 2995 599 3076 omnia,
641 3012 802 3076 quae
853 3006 1032 3060 antea
1090 2987 1294 3056 essent
1330 2987 1535 3056 secum
1579 2991 2022 3075 commentati,
2066 2994 2194 3066 fine

339 3110 577 3197 scrIpto
618 3109 867 3176 'iisdem
928 3106 1059 3174 sere
1128 3105 1337 3174 verbis
1384 3105 1732 3174 redderent.
1825 3108 2140 3190 Praeterea
2166 3159 2192 3197 ,

346 3248 505 3316 quae
550 3229 630 3296 ad
665 3225 969 3294 actionem
1001 3225 1315 3311 pertinent
1336 3269 1363 3306 ,
1417 3242 1701 3310 quaeque
1737 3223 1960 3294 mirum
1998 3247 2193 3312 quan.

346 3319 475 3416 tum
504 3347 585 3414 ad
612 3342 1029 3428 eloquentiam
1048 3341 1290 3410 faciunt
1308 3387 1333 3424 ,
1370 3341 1436 3408 in
1472 3358 1744 3426 utroque
1777 3357 1946 3412 tanta
1973 3363 2188 3432 erant,

344 3481 417 3534 ut
470 3461 631 3532 nihil
672 3479 945 3543 unquam
990 3458 1335 3544 perfectius
1363 3475 1474 3527 aut
1507 3461 1870 3546 elegantius.
1956 3463 2032 3531 In
2065 3467 2188 3532 hoc
2303 3509 2310 3514 -

342 3595 489 3648 vero
538 3573 949 3683 offerebant,
994 3576 1170 3658 quod
1206 3577 1270 3642 in
1322 3571 1798 3645 Hortensio
1852 3582 2045 3666 magis
2087 3601 2192 3666 ge·

830 3708 838 3718 '
2071 3717 2193 3768 nus

412 3857 501 3922 (1)
530 3861 625 3912 Pro
658 3860 875 3922 Quintio
900 3891 923 3920 ‚
966 3875 1045 3924 ²4·
1084 3859 1163 3909 Do
1193 3859 1347 3912 Oeae.
1377 3861 1446 3910 11.
1477 3873 1562 3920 37·

412 3954 501 4016 (μ)
532 3953 759 4015 Brutus,
806 3959 887 4013 36.
