2809 4992
671 549 872 626 20·
1271 541 1949 624 ORATlm

699 767 706 776 ·
771 739 1203 819 Videbamus
1277 741 1442 842 pios
1524 737 1705 814 filios
1736 792 1761 830 ,
1849 740 2126 816 summa
2199 763 2386 817 eum·
2422 761 2559 820 vei-⁶

679 871 1045 950 nex-atione
1065 925 1090 962 ,
1163 866 1759 968 retrogredientes
1778 922 1801 960 ‚
1868 881 1947 944 ut
2012 866 2227 970 pallio
2276 883 2573 972 patrem-

680 1002 1042 1102 tegerent!

779 1127 1214 1204 Videbamus
1255 1126 1481 1204 nubes
1505 1180 1527 1217 ,
1605 1150 1740 1227 per
1796 1126 2068 1204 coelum
2110 1125 2515 1227 divagantes
2532 1155 2581 1216 ,ε

682 1255 808 1335 ubi
887 1262 1180 1358 poetam
1255 1254 1858 1352 interpretabatur
1885 1307 1910 1347 ,
1982 1256 2387 1353 loquentem
2472 1253 2564 1330 de

685 1383 962 1464 Jehova
977 1439 1002 1478 ,
1051 1383 1175 1483 qui

871 1567 1231 1642 Nubibus
1270 1555 1531 1641 utitur
1562 1594 1725 1664 pro
1778 1593 2021 1642 curru
2056 1623 2079 1654 ,

875 1700 1188 1770 Incedit
1235 1709 1641 1770 ventorum
1690 1699 1866 1770 alis.

782 1856 1266 1937 Audiebamus
1328 1855 1376 1932 J
1379 1817 1597 1933 obum
1618 1911 1643 1948 ,
1690 1857 1766 1932 iu
1832 1881 2107 1933 summo
2158 1855 2374 1934 animi
2424 1805 2591 1932 do-⁸

691 1985 846 2063 lore
867 2040 892 2080 ,
949 1985 1507 2092 exclamantem:

889 2171 1193 2244 Pereat
1237 2169 1456 2241 dies!
1506 2195 1656 2267 quo
1695 2181 1929 2241 natus
1972 2195 2145 2244 sum
2166 2179 2199 2240 Ι

797 2330 1051 2406 Testes
1123 2328 1418 2419 invoco,
1513 2336 1861 2424 quotquot
1934 2323 2345 2426 superstites
2371 2383 2395 2421 ,
2488 2315 2587 2404 11ss

704 2459 854 2535 lum
909 2453 1213 2534 viderint
1281 2467 1351 2532 et
1418 2452 1811 2531 audiverint
1828 2506 1852 2546 ,
1933 2455 2186 2556 pulcro
2242 2455 2366 2534 ino
2431 2457 2545 2535 die
2558 2456 2587 2552 ,'

710 2609 858 2686 quo
929 2583 1358 2662 Academiae
1426 2578 2159 2680 Lugduno-Batavae
2205 2583 2477 2662 Natalis
2540 2611 2586 2661 a

709 2712 1366 2793 Schultensio
1442 2709 1969 2804 celebraretur,
2041 2713 2408 2792 oratioue:
2490 2720 2588 2792 de

707 2848 1036 2946 Ingenio
1085 2843 1477 2918 Arabum.
1525 2873 1616 2894 -··
1692 2839 1953 2918 Coram
2024 2842 2591 2944 splendidissima

713 2971 1112 3050 auditorum
1159 2970 1433 3045 corona
1468 2969 1688 3046 verba
1730 2971 2083 3080 faciebat,

903 3158 1361 3232 Conticuere
1424 3183 1679 3232 omnes
1701 3207 1727 3248 ‚
1796 3159 2223 3258 intentique
2284 3184 2425 3236 ora
2476 3172 2598 3233 te·-

1005 3287 1311 3360 nebant.

813 3438 1400 3541 perspicuitatem
1473 3442 1551 3520 iu
1612 3443 1917 3520 dicendo
1983 3443 2333 3524 adhibens
2353 3503 2375 3542 ,
2430 3473 2607 3548 gra-

705 3572 1009 3651 'vitatem
1029 3568 1120 3646 iu
1167 3573 1681 3652 commovendo
1705 3628 1728 3665 ‚
1780 3583 1986 3675 apte,
2043 3589 2293 3654 ornate
2352 3589 2422 3653 et
2468 3585 2603 3651 coa

649 3739 654 3742 ·
721 3701 928 3808 piose
979 3701 1275 3800 loquens
1297 3756 1319 3794 ,
1395 3700 1751 3780 excitabat
1792 3702 2165 3804 gaudium,
2238 3703 2553 3780 dolorem
2576 3759 2601 3798 ,

645 3925 658 3940 Ι
721 3845 1070 3910 terrorem
1089 3885 1112 3923 ‚
1157 3827 1260 3906 ita
1283 3887 1306 3925 ‚
1358 3844 1439 3908 ut
1482 3855 1729 3913 omnes
1786 3830 2141 3913 auditores
2189 3829 2337 3930 ejus
2370 3833 2607 3914 extol-

723 3963 947 4074 lerent
991 3957 1277 4037 laudes!
2374 4011 2391 4022 .
2529 4011 2579 4030 „

2408 4091 2615 4180 Hauc
