2809 4992
804 508 1596 586 MEDICA.
2073 542 2147 591 ιι

277 698 470 769 febris
521 698 814 767 tertianae
864 698 1262 781 potissimum
1287 743 1311 777 ‚
1373 696 1705 779 aliquando
1758 716 2088 783 quartanae
2110 748 2135 781 ,

273 832 554 886 accurate
595 830 660 883 et
697 814 1058 897 regulariter
1107 830 1415 895 sequens3
1462 832 1743 885 accurate
1802 835 2003 884 autem
2040 833 2161 886 te-·

273 936 542 1003 nendum
567 978 592 1014 ‚
614 934 773 997 hanc
807 928 1084 1011 febrem,
1121 948 1317 1011 aeque
1354 948 1423 995 ac
1453 935 1785 1014 regularem
1830 936 2135 1003 intermit-

271 1067 505 1119 tentem
529 1097 553 1131 ‚
571 1047 1070 1133 anticipationem
1107 1062 1170 1115 et
1206 1048 1741 1131 postpositionem
1776 1056 2130 1135 paroxysmi

271 1168 460 1234 etiam
495 1166 720 1233 habere
750 1184 965 1249 posse.
1029 1163 1152 1231 Die
1187 1164 1380 1247 igitur
1416 1164 1631 1230 febrili
1660 1182 2083 1249 paroxysmus
2104 1217 2129 1251 ‚

274 1287 492 1353 eodem
537 1298 816 1367 tempore
836 1331 864 1366 ‚
929 1281 1224 1349 omnibus
1281 1280 1539 1367 ingratis
1591 1284 2129 1367 symptomatibus

183 1477 192 1485 ,
278 1404 589 1487 stipatus,
637 1402 952 1469 rediturus
1011 1413 1129 1489 est.

357 1520 604 1605 Sponte
635 1518 1002 1603 intelligitur
1034 1520 1214 1592 talem
1239 1536 1683 1605 paroxysmum
1704 1520 1987 1587 febrilem
2012 1521 2133 1589 sub

267 1638 630 1724 hujusmodi
667 1636 1034 1721 perniciosis
1054 1650 1130 1702 ‚et
1165 1635 1447 1719 malignis
1480 1637 2011 1720 symptomatibus
2053 1643 2139 1705 la·

263 1770 537 1836 tentem,
581 1772 840 1823 necesse
873 1756 1212 1819 humanum
1257 1754 1677 1836 organismum
1734 1758 2133 1824 vehementer

204 1942 216 1953 ,
267 1872 521 1943 turbare
541 1918 568 1953 ,
654 1869 1160 1953 quandoquidem
1244 1868 1383 1951 ipsa
1454 1868 1649 1935 febris
1716 1871 2133 1941 intermittens

268 1989 547 2068 vulgaris
582 1988 706 2070 jam
747 2006 982 2070 corpus
1029 1988 1118 2051 sic
1157 2004 1601 2068 saepenumero
1647 1985 1953 2055 debilitat.

355 2105 686 2173 Decursus
747 2102 940 2186 igitur
995 2103 1186 2185 hujus
1235 2116 1487 2167 nostrae
1527 2102 1748 2169 Febris
1788 2118 1887 2169 est
1916 2104 2149 2173 acutis·

273 2224 475 2296 simus
519 2237 586 2289 et
623 2219 1199 2305 periculosissimus
1243 2218 1368 2303 (1)
1386 2267 1412 2302 ‚
1476 2221 1565 2286 ita
1621 2231 1695 2287 ut
1732 2221 1789 2286 si
1830 2220 2153 2303 tempesti-

267 2360 350 2411 ve
395 2341 568 2406 haud
639 2340 1048 2422 dignoscatur
1125 2336 1385 2402 morbus
1452 2350 1519 2401 et
1589 2336 1753 2421 aptis
1832 2337 2151 2422 frangatur

267 2457 602 2539 remediis,
655 2457 984 2523 accedente
1026 2452 1310 2538 singultu
1357 2450 1637 2521 infausto
1675 2501 1700 2536 ,
1761 2474 1987 2525 versus
2028 2471 2159 2524 ten-

267 2578 422 2645 tium
471 2578 575 2644 vel
626 2573 952 2641 minimum
1008 2573 1096 2637 ad.
1149 2585 1442 2654 quartum
1495 2591 1941 2656 paroxysmum
1966 2620 1991 2655 ,
2079 2572 2147 2639 in

277 2693 560 2763 evitabili
603 2690 738 2756 fato
790 2689 872 2754 ad
923 2705 1142 2752 orcum
1207 2688 1483 2751 trahatur
1537 2680 1886 2766 aegrotans.
1971 2686 2151 2769 Quid

275 2813 446 2880 enim
484 2806 814 2891 congestio
857 2801 1182 2884 sanguinis
1239 2799 1303 2866 in
1359 2801 1485 2866 hoc
1528 2797 1763 2869 ,morbo
1816 2817 1947 2867 non
2002 2796 2157 2867 affe·

281 2942 380 2997 rat
398 2926 434 2993 ‘3
483 2961 578 2981 —
639 2922 866 3006 Implet
913 2916 1305 2984 vehementer
1353 2935 1501 2982 vasa
1545 2915 1899 3001 sanguifera
1953 2934 2148 3001 eaque

281 3042 595 3116 dihtando
653 3038 932 3107 subitam
989 3035 1242 3101 adducit
1281 3034 1519 3101 cerebri
1561 3035 2093 3117 compressionem
2118 3086 2147 3122 ,

279 3184 442 3252 quae
493 3161 682 3229 &mul
717 3157 997 3223 actiones
1037 3151 1377 3235 supprimit
1405 3151 1573 3217 vitae
1602 3150 1883 3217 animalis
1906 3199 1930 3233 ‚
1972 3172 2161 3221 cum··

271 3303 396 3369 que
447 3281 614 3349 vitae
653 3276 981 3363 organicae
1017 3286 1152 3337 non
1188 3269 1455 3353 amplius
1497 3269 1928 3351 gubernentur
1960 3268 2152 3338 vehes

277 3411 516 3467 menter
553 3396 846 3465 turbatur
879 3386 1298 3472 organismus.
1344 3386 1530 3453 Vitae
1554 3388 1937 3455 necessariae
1966 3384 2163 3453 func--

2026 3503 2155 3568 tio·

343 3637 440 3701 (ι)
481 3634 566 3687 ef.
611 3630 935 3693 Richter,
986 3632 1230 3692 Speciem
1291 3630 1581 3692 ner-ame,
1625 3641 1735 3679 tom
1774 3643 1825 3680 a.
1868 3642 1981 3691 m.
2019 3631 2141 3696 ⁶44·

283 3738 372 3793 De
401 3735 503 3785 hoc
529 3730 710 3781 morbo
739 3726 870 3778 illud
903 3725 1200 3779 Ovidlan
1218 3740 1318 3777 um
1349 3726 1531 3786 utique
1560 3726 1725 3773 valet:

473 3862 516 3893 „
543 3821 668 3877 Non
693 3835 772 3875 est
799 3824 854 3874 in
884 3822 1086 3874 medico
1100 3856 1121 3883 ,
1157 3834 1360 3883 semper
1384 3822 1646 3871 relevetur
1666 3830 1725 3869 ut
1748 3830 1929 3882 aeger,

475 3956 518 3988 ,‚
553 3919 812 3974 interdu·
835 3919 986 3971 docta
1011 3920 1128 3983 plna
1156 3920 1293 3967 valet
1322 3926 1432 3966 arte
1458 3918 1664 3967 mnam.
1680 3910 1715 3938 ’⁹
2082 3974 2099 3985 ‘

1317 4008 1416 4071 21».
1450 4021 1517 4059 ex
1550 4010 1701 4062 Pent-
1736 4011 1777 4063 1.
1808 4026 1856 4067 ι.
1892 4024 1943 4065 c.
1980 4026 2031 4071 ο.
