2809 4992
546 570 911 661 ·nb·
1349 533 1998 663 onA‘rxo'.

800 778 1081 855 Pestem
1118 775 1309 852 illam
1350 776 1448 854 ab
1472 780 1903 857 Academiae
1945 777 2230 857 Civibus
2265 778 2571 883 benigna

702 906 952 986 avertit
1012 907 1107 985 D.
1186 906 1278 985 Ο.
1337 906 1620 984 M.1·-
1715 907 2096 987 Curatores
2114 962 2137 1001 ‚
2183 908 2571 991 Professo-

695 1060 814 1114 res
834 1090 856 1127 ‚
928 1032 1284 1112 Doctores
1334 1047 1408 1112 et
1470 1036 1819 1139 Discipuli
1881 1038 1977 1113 ab
2037 1037 2158 1143 illa
2215 1036 2568 1121 immunes

691 1166 1145 1278 manse-runt!

578 1287 604 1325 ⁸
650 1284 661 1295 ’
786 1292 1020 1373 Unice
1060 1291 1154 1368 ab
1214 1290 1346 1371 illa·
1372 1286 1673 1369 afflictus
1721 1306 1828 1371 est
1864 1299 2178 1371 Paulus
2223 1298 2572 1374 caniet-³

689 1450 860 1501 mus
906 1449 1058 1498 van
1104 1423 1375 1497 Doorn
1402 1476 1429 1513 ,
1481 1422 1800 1524 egregius
1843 1422 2159 1522 juvenis,
2204 1421 2281 1500 in
2323 1425 2558 1526 primi

680 1554 909 1661 9381858
936 1548 1688 1659 §excellentissimorum
1729 1551 2310 1645 adolescentium,
2361 1553 2560 1655 quod

682 1702 828 1757 uno
918 1704 1043 1756 ore
1131 1680 1556 1783 profitentur
1649 1704 1892 1756 omues
1935 1736 1961 1774 ,
2073 1682 2553 1763 collocandus.

630 1791 637 1797 ⁸
680 1806 935 1887 Salvus
986 1809 1250 1900 evasit,
1321 1820 1740 1907 gratumque
1813 1808 2122 1882 animum
2181 1831 2350 1906 erga
2385 1808 2556 1911 Me-

680 1938 914 2014 dicum
952 1934 1628 2041 praestantissimum
1650 1989 1672 2028 ‚
1723 1912 2088 2035 collegam²
2124 1934 2335 2011 nobis
2367 1937 2558 2015 ami..

674 2067 1033 2147 cissimum
1060 2068 1474 2142 Nicolaum
1525 2068 1965 2140 Cornelium
1993 2068 2089 2139 de
2129 2066 2204 2141 F
2199 2094 2510 2163 νοτηινγ
2519 2114 2545 2159 ,

674 2198 985 2277 carmine
1042 2195 1265 2305 lyrico
1335 2192 1745 2271 testificatus
1787 2202 1931 2285 est,
2003 2190 2272 2293 pariter
2309 2192 2546 2273 Medi..

672 2354 811 2422 eo,
862 2328 1076 2426 digno
1127 2336 1196 2399 et
1244 2324 1498 2422 poeta!
1537 2320 1658 2417 ς’)
2515 2306 2531 2317 ’

762 2456 1032 2565 Morbo
1064 2452 1482 2529 laborarunt
1511 2448 1665 2527 Viri
1702 2446 2090 2527 Clarissimi
2110 2450 2170 2527 B
2186 2450 2264 2526 le
2277 2450 2367 2526 ul
2385 2474 2431 2529 a
2443 2472 2542 2527 n·-

664 2588 879 2679 dus,
918 2582 1372 2681 Heringa‚
1409 2576 1868 2657 Oordtius
1909 2592 1980 2655 et
2015 2574 2536 2681 Brueysius.

666 2716 943 2795 Horum
994 2688 1315 2788 restituta
1368 2707 1670 2787 sanitate
1726 2705 2042 2811 impense
2099 2708 2484 2809 gaudemus
2509 2764 2535 2803 ‚

667 2865 1171 2949 speramusque
1218 2839 1373 2915 foi-e
1396 2891 1420 2928 ,
1490 2848 1570 2913 ut
1611 2834 1886 2912 illorum
1951 2848 2144 2912 aetas
2189 2836 2285 2912 ad
2348 2837 2539 2913 Nes-

665 2989 909 3054 toreos
978 2970 1384 3075 porrigatur
1447 2989 1674 3043 annos
1697 3018 1721 3058 ,
1780 2968 1858 3041 in
1920 2966 2216 3044 salutem
2285 2964 2538 3043 Fami-

664 3105 799 3182 liae
824 3159 847 3196 ‚
932 3096 1407 3183 Humanitatis
1431 3152 1456 3191 ,
1554 3093 1980 3175 Academiae
2000 3151 2024 3192 ‚
2115 3094 2477 3175 Ecclesiae
2506 3150 2532 3191 ,

610 3279 623 3289 ·
661 3232 979 3315 Patriae!

756 3358 905 3439 Sed
965 3360 1281 3457 lugemus
1359 3353 1580 3434 eheu!
1659 3354 2017 3456 Collegam
2089 3356 2532 3456 conjunctis-

656 3488 908 3569 simum
944 3484 1442 3601 Johaunem
1487 3482 1966 3561 Hearicum
2010 3483 2529 3583 Patavium,

658 3616 822 3717 qui,
870 3590 985 3691 die
1033 3624 1072 3689 1
1124 3610 1383 3689 mensis
1427 3610 1848 3705 Februarii,
1897 3612 2108 3715 hujus
2149 3612 2530 3708 anni,v1-

654 3760 802 3825 tam
851 3769 1011 3821 cum
1060 3753 1287 3819 moite
1332 3739 1815 3821 commutavit.

2341 3869 2529 3948 Am-

724 4062 807 4135 (*)
849 4062 914 4115 In
955 4056 1181 4111 eatena.
1221 4048 1390 4107 Acnd.
1431 4052 1503 4103 A.
1541 4048 1692 4102 1833.
1725 4066 1782 4116 p.
1813 4049 1936 4103 ¹42.
1973 4064 2059 4117 uq-
