2809 4992
651 551 752 630 m
1263 555 1915 654 onAT1o

650 761 984 848 quantum
1048 761 1351 852 propter
1414 751 1578 828 aeris
1641 749 2102 854 impendendi
2158 749 2537 856 penuriam

645 878 844 957 licuit
865 933 888 970 ,
937 877 1069 953 fuit
1119 891 1429 957 auctum.

740 1007 1012 1084 Hortus
1072 1007 1542 1085 Academicus
1628 1011 1883 1102 floret,
1965 1010 2213 1088 eodem
2285 1023 2478 1090 statu
2506 1068 2537 1107 ‚

648 1161 794 1237 quo
837 1135 1011 1228 fuit,
1063 1160 1256 1214 anno
1295 1135 1685 1241 superiore.

737 1263 1162 1342 Aedificium
1219 1263 1294 1338 in
1352 1263 1584 1340 Horto
1637 1265 1979 1340 refectum
2028 1277 2137 1341 est
2164 1318 2191 1358 ,
2242 1265 2339 1342 ad
2388 1289 2543 1343 no·-

642 1418 809 1470 vum
887 1417 1141 1488 usum3
1181 1430 1270 1447 --
1368 1393 1693 1471 Muscam
1754 1417 2015 1495 nempe
2083 1393 2178 1470 ad
2228 1418 2541 1474 conser-

639 1519 991 1599 vationem
1036 1523 1439 1625 plantarum
1494 1525 1964 1602 arefactarum
2013 1531 2136 1602 ‘est
2190 1538 2539 1603 constru-

640 1664 854 1728 ctum.
885 1687 977 1707 --
1051 1649 1099 1726 J
1101 1677 1215 1726 am
1266 1653 1474 1752 plura
1518 1651 1906 1752 specimina
1958 1653 2359 1754 plantarum
2400 1652 2530 1727 in-

639 1777 1049 1880 digenarum
1113 1792 1184 1855 et
1251 1781 1681 1856 exoticamm
1706 1834 1729 1872 ‚
1797 1779 2124 1882 inprimis
2191 1803 2277 1856 cx
2326 1780 2528 1856 Ger-

635 1907 874 1984 mania
926 1920 996 2018 et
1063 1907 1376 1986 Helvetia
1401 1963 1424 2004 ,
1488 1909 1596 1986 ibi
1658 1895 1983 2012 deposita
2044 1921 2212 1988 sunt
2266 1921 2341 1987 et
2386 1933 2525 1988 or·-

637 2037 904 2116 dinata.
1007 2057 1014 2066 ·

734 2167 878 2268 Qui
925 2167 1430 2247 observatoris
1511 2169 1715 2246 titulo
1780 2167 2277 2246 Astronomiae
2326 2169 2523 2245 Pro·-

637 2295 892 2374 fessori
940 2296 1223 2393 adjutor
1263 2297 1471 2373 datus
1531 2306 1683 2371 erat
1707 2347 1732 2387 ,
1804 2294 2029 2372 Filius
2065 2296 2239 2372 mihi
2290 2297 2525 2374 caris-

638 2422 858 2502 simus
906 2423 971 2499 G
1002 2423 1401 2500 erardus
1436 2477 1459 2516 ,
1509 2423 2120 2501 commendatione
2162 2425 2293 2502 viri
2346 2423 2523 2503 Gla-

509 2556 512 2560 ’
634 2552 896 2632 rissimi
963 2552 1097 2631 De
1163 2551 1659 2654 Fremery,
1712 2551 2041 2653 Collegae
2085 2553 2223 2630 mei
2270 2577 2524 2632 aman-

636 2680 930 2772 tissimi,
981 2681 1073 2758 ab
1128 2680 1401 2783 optimo
1468 2679 1708 2780 Rege,
1758 2681 1850 2756 ad
1892 2682 2240 2786 ampliora
2288 2683 2523 2762 stadia

637 2824 930 2890 vocatus
973 2824 1120 2902 est,
1170 2808 1296 2888 ubi
1341 2810 1537 2888 illum
1562 2863 1589 2900 ,
1654 2821 1724 2888 ct
1772 2809 2053 2890 Patriae
2096 2823 2167 2888 et
2210 2811 2523 2892 scientiis

633 2941 981 3043 prodesse
1048 2965 1261 3044 posse
1285 2994 1308 3034 ,
1371 2941 1545 3016 faxit
1615 2938 1809 3018 Deus
1875 2940 2207 3043 Optimus
2278 2940 2523 3019 Maxi-

640 3076 839 3148 mus!
1335 3140 1350 3147 -

731 3200 856 3279 Nil
898 3198 1294 3278 detrimenti
1336 3213 1673 3302 ceperunt
1712 3199 1993 3297 objecta
2016 3254 2039 3291 ‚
2092 3227 2274 3298 quae
2314 3205 2522 3279 Ana-

639 3341 879 3407 tomae
943 3342 1396 3432 comparatae
1444 3311 1811 3404 docendae
1866 3327 2253 3404 inserviunt
2314 3343 2384 3407 et
2441 3333 2520 3409 in

636 3459 848 3536 theca
887 3472 1273 3537 servantur.
1368 3457 1654 3534 Illorum
1691 3455 2051 3556 catalogus
2091 3459 2310 3537 scribi
2342 3486 2518 3538 coe-

637 3585 748 3692 pit
791 3595 862 3661 et
909 3585 1058 3661 fere
1093 3585 1185 3662 ad
1229 3585 1442 3662 finem
1480 3583 1869 3687 perductus
1925 3597 2052 3664 est.
2102 3625 2191 3643 —·

731 3712 1184 3816 Exemplaria
1270 3712 1499 3792 avium
1567 3713 2105 3817 Europaearum
2136 3770 2161 3808 ,
2258 3715 2515 3816 quihus

637 3841 1098 3930 Academiam
1150 3842 1444 3922 donavit
1485 3845 2003 3943 Kraepeh’nus
2021 3897 2043 3935 ‚
2091 3827 2517 3927 honestissi-

637 4001 796 4057 mus
862 3973 1477 4082 phas-manentium
1498 4027 1523 4068 ,
1589 3973 1665 4050 in
1718 3996 1910 4078 pago
1959 3973 2187 4070 Zeia,
2252 3978 2327 4056 in
2385 4003 2515 4060 or..
