<?xml version="1.0" encoding="UTF-8"?>
<!DOCTYPE html PUBLIC "-//W3C//DTD XHTML 1.0 Transitional//EN"
    "http://www.w3.org/TR/xhtml1/DTD/xhtml1-transitional.dtd">
<html xmlns="http://www.w3.org/1999/xhtml" xml:lang="en" lang="en">
 <head>
  <title>
</title>
<meta http-equiv="Content-Type" content="text/html;charset=utf-8" />
  <meta name='ocr-system' content='tesseract 3.04.00' />
  <meta name='ocr-capabilities' content='ocr_page ocr_carea ocr_par ocr_line ocrx_word'/>
</head>
<body>
  <div class='ocr_page' id='page_1' title='image "annalesacademia02unkngoog_0196.png"; bbox 0 0 2809 4992; ppageno 0'>
   <div class='ocr_carea' id='block_1_1' title="bbox 898 482 2234 618">
    <p class='ocr_par' dir='ltr' id='par_1_1' title="bbox 898 482 2234 618">
     <span class='ocr_line' id='line_1_1' title="bbox 898 482 2234 618; baseline 0.003 -19"><span class='ocrx_word' id='word_1_1' title='bbox 898 510 1684 605; x_wconf 55' lang='lat' dir='ltr'>rorantem</span> <span class='ocrx_word' id='word_1_2' title='bbox 2005 482 2234 618; x_wconf 63' lang='grc' dir='ltr'>’·η</span> 
     </span>
    </p>
   </div>
   <div class='ocr_carea' id='block_1_2' title="bbox 322 710 2214 3833">
    <p class='ocr_par' dir='ltr' id='par_1_2' title="bbox 328 710 2210 1965">
     <span class='ocr_line' id='line_1_2' title="bbox 348 710 2206 803; baseline 0.002 -23"><span class='ocrx_word' id='word_1_3' title='bbox 348 710 625 800; x_wconf 82' lang='lat' dir='ltr'>Quaevis</span> <span class='ocrx_word' id='word_1_4' title='bbox 681 716 1011 799; x_wconf 80' lang='lat' dir='ltr'>squamma</span> <span class='ocrx_word' id='word_1_5' title='bbox 1070 729 1167 783; x_wconf 85' lang='lat' dir='ltr'>est</span> <span class='ocrx_word' id='word_1_6' title='bbox 1232 714 1402 799; x_wconf 82' lang='lat' dir='ltr'>pelta</span> <span class='ocrx_word' id='word_1_7' title='bbox 1454 734 1630 797; x_wconf 80' lang='lat'>5-7</span> <span class='ocrx_word' id='word_1_8' title='bbox 1692 714 2008 803; x_wconf 84' lang='lat' dir='ltr'>angularis</span> <span class='ocrx_word' id='word_1_9' title='bbox 2035 762 2060 800; x_wconf 91' lang='lat'>,</span> <span class='ocrx_word' id='word_1_10' title='bbox 2138 716 2206 784; x_wconf 88' lang='lat' dir='ltr'>in</span> 
     </span>
     <span class='ocr_line' id='line_1_3' title="bbox 346 830 2210 916; baseline 0.001 -19"><span class='ocrx_word' id='word_1_11' title='bbox 346 831 549 898; x_wconf 86' lang='lat' dir='ltr'>medio</span> <span class='ocrx_word' id='word_1_12' title='bbox 600 832 819 916; x_wconf 87' lang='lat' dir='ltr'>stipite</span> <span class='ocrx_word' id='word_1_13' title='bbox 882 830 1019 897; x_wconf 83' lang='lat' dir='ltr'>fere</span> <span class='ocrx_word' id='word_1_14' title='bbox 1076 830 1474 915; x_wconf 78' lang='lat' dir='ltr'>cylindraceo</span> <span class='ocrx_word' id='word_1_15' title='bbox 1528 830 1788 899; x_wconf 84' lang='lat' dir='ltr'>munita.</span> <span class='ocrx_word' id='word_1_16' title='bbox 1872 833 1980 899; x_wconf 86' lang='lat' dir='ltr'>Ab</span> <span class='ocrx_word' id='word_1_17' title='bbox 2044 830 2210 899; x_wconf 84' lang='lat' dir='ltr'>infe-</span> 
     </span>
     <span class='ocr_line' id='line_1_4' title="bbox 342 946 2201 1035; baseline 0.003 -22"><span class='ocrx_word' id='word_1_18' title='bbox 342 946 619 1015; x_wconf 80' lang='lat' dir='ltr'>rioribus</span> <span class='ocrx_word' id='word_1_19' title='bbox 655 950 849 1035; x_wconf 80' lang='lat' dir='ltr'>hujus</span> <span class='ocrx_word' id='word_1_20' title='bbox 878 947 1039 1015; x_wconf 83' lang='lat' dir='ltr'>disci</span> <span class='ocrx_word' id='word_1_21' title='bbox 1060 946 1442 1031; x_wconf 75' lang='lat' dir='ltr'>marginibus</span> <span class='ocrx_word' id='word_1_22' title='bbox 1467 966 1682 1013; x_wconf 82' lang='lat' dir='ltr'>versus</span> <span class='ocrx_word' id='word_1_23' title='bbox 1719 948 2010 1017; x_wconf 81' lang='lat' dir='ltr'>inferiora</span> <span class='ocrx_word' id='word_1_24' title='bbox 2049 968 2201 1034; x_wconf 86' lang='lat' dir='ltr'>pro·</span> 
     </span>
     <span class='ocr_line' id='line_1_5' title="bbox 345 1042 2200 1151; baseline 0.002 -22"><span class='ocrx_word' id='word_1_25' title='bbox 345 1062 689 1151; x_wconf 77' lang='lat' dir='ltr'>longantur</span> <span class='ocrx_word' id='word_1_26' title='bbox 714 1084 869 1147; x_wconf 80' lang='grc'>5-7</span> <span class='ocrx_word' id='word_1_27' title='bbox 896 1064 1199 1129; x_wconf 86' lang='lat' dir='ltr'>filamenta</span> <span class='ocrx_word' id='word_1_28' title='bbox 1222 1076 1516 1143; x_wconf 88' lang='lat' dir='ltr'>cornuta,</span> <span class='ocrx_word' id='word_1_29' title='bbox 1537 1064 1885 1146; x_wconf 77' lang='lat' dir='ltr'>albicantia,</span> <span class='ocrx_word' id='word_1_30' title='bbox 1907 1042 2066 1149; x_wconf 64' lang='lat' dir='ltr'>quae</span> <span class='ocrx_word' id='word_1_31' title='bbox 2087 1084 2200 1151; x_wconf 84' lang='lat' dir='ltr'>per</span> 
     </span>
     <span class='ocr_line' id='line_1_6' title="bbox 331 1176 2203 1267; baseline 0.003 -22"><span class='ocrx_word' id='word_1_32' title='bbox 331 1176 559 1247; x_wconf 83' lang='lat' dir='ltr'>rimam</span> <span class='ocrx_word' id='word_1_33' title='bbox 609 1176 1124 1263; x_wconf 83' lang='lat' dir='ltr'>longitudinalem</span> <span class='ocrx_word' id='word_1_34' title='bbox 1178 1176 1386 1247; x_wconf 86' lang='lat' dir='ltr'>lateris</span> <span class='ocrx_word' id='word_1_35' title='bbox 1445 1177 1671 1246; x_wconf 88' lang='lat' dir='ltr'>interni</span> <span class='ocrx_word' id='word_1_36' title='bbox 1723 1180 2010 1263; x_wconf 87' lang='lat' dir='ltr'>pedicelli</span> <span class='ocrx_word' id='word_1_37' title='bbox 2053 1204 2203 1267; x_wconf 86' lang='lat' dir='ltr'>pro·</span> 
     </span>
     <span class='ocr_line' id='line_1_7' title="bbox 340 1294 2204 1392; baseline 0.001 -30"><span class='ocrx_word' id='word_1_38' title='bbox 340 1296 566 1362; x_wconf 82' lang='lat' dir='ltr'>deunt.</span> <span class='ocrx_word' id='word_1_39' title='bbox 652 1296 771 1363; x_wconf 88' lang='lat' dir='ltr'>Per</span> <span class='ocrx_word' id='word_1_40' title='bbox 804 1298 963 1364; x_wconf 83' lang='lat' dir='ltr'>hanc</span> <span class='ocrx_word' id='word_1_41' title='bbox 998 1294 1208 1363; x_wconf 87' lang='lat' dir='ltr'>rimam</span> <span class='ocrx_word' id='word_1_42' title='bbox 1252 1311 1533 1381; x_wconf 87' lang='lat' dir='ltr'>tempore</span> <span class='ocrx_word' id='word_1_43' title='bbox 1567 1294 1936 1363; x_wconf 78' lang='lat' dir='ltr'>maturitatis</span> <span class='ocrx_word' id='word_1_44' title='bbox 1977 1298 2204 1392; x_wconf 80' lang='lat' dir='ltr'>globu-</span> 
     </span>
     <span class='ocr_line' id='line_1_8' title="bbox 344 1398 2208 1497; baseline 0.001 -18"><span class='ocrx_word' id='word_1_45' title='bbox 344 1408 393 1479; x_wconf 91' lang='lat' dir='ltr'>li</span> <span class='ocrx_word' id='word_1_46' title='bbox 431 1412 857 1497; x_wconf 88' lang='lat' dir='ltr'>proveniunt,</span> <span class='ocrx_word' id='word_1_47' title='bbox 912 1416 1020 1497; x_wconf 86' lang='lat' dir='ltr'>qui</span> <span class='ocrx_word' id='word_1_48' title='bbox 1084 1398 1385 1497; x_wconf 83' lang='lat' dir='ltr'>singulari</span> <span class='ocrx_word' id='word_1_49' title='bbox 1438 1412 1710 1497; x_wconf 84' lang='lat' dir='ltr'>gaudent</span> <span class='ocrx_word' id='word_1_50' title='bbox 1775 1430 1956 1479; x_wconf 90' lang='lat' dir='ltr'>motu</span> <span class='ocrx_word' id='word_1_51' title='bbox 2014 1423 2208 1497; x_wconf 80' lang='lat' dir='ltr'>spon·</span> 
     </span>
     <span class='ocr_line' id='line_1_9' title="bbox 339 1516 2207 1617; baseline 0.001 -21"><span class='ocrx_word' id='word_1_52' title='bbox 339 1538 555 1599; x_wconf 84' lang='lat' dir='ltr'>taneo.</span> <span class='ocrx_word' id='word_1_53' title='bbox 638 1530 727 1597; x_wconf 87' lang='lat' dir='ltr'>Hi</span> <span class='ocrx_word' id='word_1_54' title='bbox 768 1530 1014 1617; x_wconf 86' lang='lat' dir='ltr'>globuli</span> <span class='ocrx_word' id='word_1_55' title='bbox 1070 1546 1363 1599; x_wconf 87' lang='lat' dir='ltr'>constant</span> <span class='ocrx_word' id='word_1_56' title='bbox 1399 1550 1480 1597; x_wconf 84' lang='lat' dir='ltr'>ex</span> <span class='ocrx_word' id='word_1_57' title='bbox 1513 1516 1782 1615; x_wconf 79' lang='lat' dir='ltr'>corpore</span> <span class='ocrx_word' id='word_1_58' title='bbox 1823 1530 2010 1598; x_wconf 83' lang='lat' dir='ltr'>viridi</span> <span class='ocrx_word' id='word_1_59' title='bbox 2060 1550 2207 1598; x_wconf 90' lang='lat' dir='ltr'>cen·</span> 
     </span>
     <span class='ocr_line' id='line_1_10' title="bbox 338 1646 2201 1737; baseline 0.002 -25"><span class='ocrx_word' id='word_1_60' title='bbox 338 1646 476 1713; x_wconf 85' lang='lat' dir='ltr'>trali</span> <span class='ocrx_word' id='word_1_61' title='bbox 518 1646 855 1730; x_wconf 83' lang='lat' dir='ltr'>globuloso</span> <span class='ocrx_word' id='word_1_62' title='bbox 905 1663 968 1715; x_wconf 89' lang='lat' dir='ltr'>et</span> <span class='ocrx_word' id='word_1_63' title='bbox 1014 1662 1347 1737; x_wconf 83' lang='lat' dir='ltr'>compacto</span> <span class='ocrx_word' id='word_1_64' title='bbox 1409 1652 1472 1714; x_wconf 82' lang='lat' dir='ltr'>et</span> <span class='ocrx_word' id='word_1_65' title='bbox 1533 1664 1612 1714; x_wconf 84' lang='lat' dir='ltr'>ex</span> <span class='ocrx_word' id='word_1_66' title='bbox 1672 1670 1710 1715; x_wconf 76' lang='lat' dir='ltr'>a</span> <span class='ocrx_word' id='word_1_67' title='bbox 1757 1646 2058 1731; x_wconf 75' lang='lat' dir='ltr'>lamelliS,</span> <span class='ocrx_word' id='word_1_68' title='bbox 2120 1647 2201 1716; x_wconf 88' lang='lat' dir='ltr'>ab</span> 
     </span>
     <span class='ocr_line' id='line_1_11' title="bbox 330 1760 2196 1863; baseline 0.001 -31"><span class='ocrx_word' id='word_1_69' title='bbox 330 1774 597 1847; x_wconf 76' lang='lat' dir='ltr'>utraque</span> <span class='ocrx_word' id='word_1_70' title='bbox 631 1778 807 1849; x_wconf 85' lang='lat' dir='ltr'>parte</span> <span class='ocrx_word' id='word_1_71' title='bbox 848 1763 1169 1846; x_wconf 85' lang='lat' dir='ltr'>dilatatis,</span> <span class='ocrx_word' id='word_1_72' title='bbox 1210 1764 1506 1834; x_wconf 87' lang='lat' dir='ltr'>cruciatis</span> <span class='ocrx_word' id='word_1_73' title='bbox 1549 1781 1612 1832; x_wconf 89' lang='lat' dir='ltr'>et</span> <span class='ocrx_word' id='word_1_74' title='bbox 1641 1760 1707 1863; x_wconf 78' lang='lat' dir='ltr'>in</span> <span class='ocrx_word' id='word_1_75' title='bbox 1762 1766 1989 1853; x_wconf 79' lang='lat' dir='ltr'>spiram</span> <span class='ocrx_word' id='word_1_76' title='bbox 2031 1768 2196 1855; x_wconf 78' lang='lat' dir='ltr'>circa</span> 
     </span>
     <span class='ocr_line' id='line_1_12' title="bbox 328 1870 1520 1965; baseline 0.004 -23"><span class='ocrx_word' id='word_1_77' title='bbox 328 1870 486 1947; x_wconf 87' lang='lat' dir='ltr'>illud</span> <span class='ocrx_word' id='word_1_78' title='bbox 526 1880 977 1965; x_wconf 76' lang='lat' dir='ltr'>corpusculum</span> <span class='ocrx_word' id='word_1_79' title='bbox 1014 1880 1215 1950; x_wconf 86' lang='lat' dir='ltr'>viride</span> <span class='ocrx_word' id='word_1_80' title='bbox 1256 1878 1520 1950; x_wconf 78' lang='lat' dir='ltr'>volutis,</span> 
     </span>
    </p>

    <p class='ocr_par' dir='ltr' id='par_1_3' title="bbox 328 1994 2200 2900">
     <span class='ocr_line' id='line_1_13' title="bbox 424 1994 2192 2083; baseline 0.003 -22"><span class='ocrx_word' id='word_1_81' title='bbox 424 1994 493 2061; x_wconf 88' lang='lat' dir='ltr'>H</span> <span class='ocrx_word' id='word_1_82' title='bbox 514 2016 549 2060; x_wconf 91' lang='lat' dir='ltr'>e</span> <span class='ocrx_word' id='word_1_83' title='bbox 567 1998 727 2063; x_wconf 83' lang='lat' dir='ltr'>dwi</span> <span class='ocrx_word' id='word_1_84' title='bbox 750 2018 791 2083; x_wconf 83' lang='lat' dir='ltr'>g</span> <span class='ocrx_word' id='word_1_85' title='bbox 817 1999 941 2064; x_wconf 87' lang='lat' dir='ltr'>hos</span> <span class='ocrx_word' id='word_1_86' title='bbox 961 1998 1257 2083; x_wconf 83' lang='lat' dir='ltr'>globulos</span> <span class='ocrx_word' id='word_1_87' title='bbox 1294 1996 1540 2079; x_wconf 74' lang='lat' dir='ltr'>ovat-ia,</span> <span class='ocrx_word' id='word_1_88' title='bbox 1557 1996 1826 2064; x_wconf 74' lang='lat' dir='ltr'>lamellas</span> <span class='ocrx_word' id='word_1_89' title='bbox 1867 1994 2192 2083; x_wconf 61' lang='lat' dir='ltr'>elamitas,</span> 
     </span>
     <span class='ocr_line' id='line_1_14' title="bbox 342 2108 2200 2199; baseline 0.003 -22"><span class='ocrx_word' id='word_1_90' title='bbox 342 2108 609 2185; x_wconf 77' lang='lat' dir='ltr'>stamina</span> <span class='ocrx_word' id='word_1_91' title='bbox 645 2126 865 2199; x_wconf 84' lang='lat' dir='ltr'>putat,</span> <span class='ocrx_word' id='word_1_92' title='bbox 894 2116 1008 2181; x_wconf 81' lang='lat' dir='ltr'>sed</span> <span class='ocrx_word' id='word_1_93' title='bbox 1050 2110 1375 2194; x_wconf 85' lang='lat' dir='ltr'>dubitant,</span> <span class='ocrx_word' id='word_1_94' title='bbox 1398 2110 1552 2181; x_wconf 82' lang='lat' dir='ltr'>num</span> <span class='ocrx_word' id='word_1_95' title='bbox 1573 2112 1682 2189; x_wconf 82' lang='lat' dir='ltr'>illo</span> <span class='ocrx_word' id='word_1_96' title='bbox 1727 2115 1952 2181; x_wconf 89' lang='lat' dir='ltr'>ovario</span> <span class='ocrx_word' id='word_1_97' title='bbox 1993 2114 2200 2183; x_wconf 81' lang='lat' dir='ltr'>conti·</span> 
     </span>
     <span class='ocr_line' id='line_1_15' title="bbox 332 2226 2200 2325; baseline 0.003 -31"><span class='ocrx_word' id='word_1_98' title='bbox 332 2242 559 2295; x_wconf 72' lang='lat' dir='ltr'>nentur</span> <span class='ocrx_word' id='word_1_99' title='bbox 586 2227 1233 2312; x_wconf 80' lang='lat' dir='ltr'>cavitas,seminibus</span> <span class='ocrx_word' id='word_1_100' title='bbox 1254 2230 1512 2317; x_wconf 87' lang='lat' dir='ltr'>repleta.</span> <span class='ocrx_word' id='word_1_101' title='bbox 1559 2226 1899 2319; x_wconf 84' lang='lat' dir='ltr'>Agardh</span> <span class='ocrx_word' id='word_1_102' title='bbox 1923 2279 1946 2315; x_wconf 87' lang='lat'>‚</span> <span class='ocrx_word' id='word_1_103' title='bbox 1987 2226 2200 2325; x_wconf 82' lang='lat' dir='ltr'>Vau-</span> 
     </span>
     <span class='ocr_line' id='line_1_16' title="bbox 330 2328 2196 2434; baseline 0.003 -21"><span class='ocrx_word' id='word_1_104' title='bbox 330 2328 425 2413; x_wconf 75' lang='lat' dir='ltr'>ch</span> <span class='ocrx_word' id='word_1_105' title='bbox 456 2366 539 2411; x_wconf 90' lang='lat' dir='ltr'>er</span> <span class='ocrx_word' id='word_1_106' title='bbox 576 2360 639 2413; x_wconf 88' lang='lat' dir='ltr'>et</span> <span class='ocrx_word' id='word_1_107' title='bbox 674 2348 1040 2417; x_wconf 83' lang='lat' dir='ltr'>Candoll</span> <span class='ocrx_word' id='word_1_108' title='bbox 1065 2349 1087 2414; x_wconf 87' lang='lat' dir='ltr'>i</span> <span class='ocrx_word' id='word_1_109' title='bbox 1114 2368 1209 2415; x_wconf 90' lang='lat' dir='ltr'>us</span> <span class='ocrx_word' id='word_1_110' title='bbox 1241 2366 1391 2417; x_wconf 83' lang='lat' dir='ltr'>vero</span> <span class='ocrx_word' id='word_1_111' title='bbox 1427 2346 1546 2417; x_wconf 83' lang='lat' dir='ltr'>hos</span> <span class='ocrx_word' id='word_1_112' title='bbox 1567 2346 1864 2434; x_wconf 85' lang='lat' dir='ltr'>globulos</span> <span class='ocrx_word' id='word_1_113' title='bbox 1885 2369 2046 2433; x_wconf 85' lang='lat' dir='ltr'>aqua</span> <span class='ocrx_word' id='word_1_114' title='bbox 2067 2342 2196 2418; x_wconf 74' lang='lat' dir='ltr'>lm·&#39;</span> 
     </span>
     <span class='ocr_line' id='line_1_17' title="bbox 328 2434 2192 2551; baseline 0.003 -22"><span class='ocrx_word' id='word_1_115' title='bbox 328 2460 443 2530; x_wconf 88' lang='lat' dir='ltr'>bui</span> <span class='ocrx_word' id='word_1_116' title='bbox 466 2476 529 2529; x_wconf 91' lang='lat' dir='ltr'>et</span> <span class='ocrx_word' id='word_1_117' title='bbox 558 2460 969 2533; x_wconf 77' lang='lat' dir='ltr'>intumescere</span> <span class='ocrx_word' id='word_1_118' title='bbox 1010 2434 1430 2534; x_wconf 74' lang='lat' dir='ltr'>observarunt</span> <span class='ocrx_word' id='word_1_119' title='bbox 1456 2513 1480 2549; x_wconf 90' lang='lat'><strong>,</strong></span> <span class='ocrx_word' id='word_1_120' title='bbox 1505 2466 1690 2551; x_wconf 85' lang='lat' dir='ltr'>sique</span> <span class='ocrx_word' id='word_1_121' title='bbox 1723 2466 1808 2533; x_wconf 84' lang='lat' dir='ltr'>ita</span> <span class='ocrx_word' id='word_1_122' title='bbox 1833 2482 2032 2534; x_wconf 84' lang='lat' dir='ltr'>terrae</span> <span class='ocrx_word' id='word_1_123' title='bbox 2067 2466 2192 2534; x_wconf 86' lang='lat' dir='ltr'>hu·</span> 
     </span>
     <span class='ocr_line' id='line_1_18' title="bbox 332 2576 2192 2681; baseline 0.003 -35"><span class='ocrx_word' id='word_1_124' title='bbox 332 2578 528 2647; x_wconf 84' lang='lat' dir='ltr'>midae</span> <span class='ocrx_word' id='word_1_125' title='bbox 560 2580 1027 2667; x_wconf 82' lang='lat' dir='ltr'>imponerentur</span> <span class='ocrx_word' id='word_1_126' title='bbox 1048 2629 1074 2665; x_wconf 90' lang='lat'><strong>‚</strong></span> <span class='ocrx_word' id='word_1_127' title='bbox 1120 2584 1191 2649; x_wconf 81' lang='lat' dir='ltr'>in</span> <span class='ocrx_word' id='word_1_128' title='bbox 1222 2584 1486 2681; x_wconf 88' lang='lat' dir='ltr'>longum</span> <span class='ocrx_word' id='word_1_129' title='bbox 1534 2576 2192 2669; x_wconf 79' lang='lat' dir='ltr'>extendebantur,ra·</span> 
     </span>
     <span class='ocr_line' id='line_1_19' title="bbox 328 2698 2195 2785; baseline 0.002 -20"><span class='ocrx_word' id='word_1_130' title='bbox 328 2699 518 2767; x_wconf 78' lang='lat' dir='ltr'>mulis</span> <span class='ocrx_word' id='word_1_131' title='bbox 566 2698 1033 2769; x_wconf 81' lang='lat' dir='ltr'>instruebantur</span> <span class='ocrx_word' id='word_1_132' title='bbox 1095 2712 1161 2765; x_wconf 85' lang='lat' dir='ltr'>et</span> <span class='ocrx_word' id='word_1_133' title='bbox 1221 2712 1448 2766; x_wconf 82' lang='lat' dir='ltr'>novam</span> <span class='ocrx_word' id='word_1_134' title='bbox 1513 2702 1850 2783; x_wconf 82' lang='lat' dir='ltr'>plantulam</span> <span class='ocrx_word' id='word_1_135' title='bbox 1910 2700 2195 2785; x_wconf 84' lang='lat' dir='ltr'>profere-</span> 
     </span>
     <span class='ocr_line' id='line_1_20' title="bbox 331 2794 2052 2900; baseline 0.003 -20"><span class='ocrx_word' id='word_1_136' title='bbox 331 2811 483 2881; x_wconf 84' lang='lat' dir='ltr'>bant</span> <span class='ocrx_word' id='word_1_137' title='bbox 518 2814 659 2900; x_wconf 86' lang='lat'>(1).</span> <span class='ocrx_word' id='word_1_138' title='bbox 878 2794 887 2803; x_wconf 46' lang='lat'><strong>⁹</strong></span> <span class='ocrx_word' id='word_1_139' title='bbox 1963 2796 1968 2805; x_wconf 47' lang='grc'><strong>’</strong></span> <span class='ocrx_word' id='word_1_140' title='bbox 2043 2796 2052 2809; x_wconf 53' lang='grc'><strong>’</strong></span> 
     </span>
    </p>

    <p class='ocr_par' dir='ltr' id='par_1_4' title="bbox 322 2924 2214 3833">
     <span class='ocr_line' id='line_1_21' title="bbox 412 2924 2190 3017; baseline 0.003 -20"><span class='ocrx_word' id='word_1_141' title='bbox 412 2928 523 2997; x_wconf 85' lang='lat' dir='ltr'>Ex</span> <span class='ocrx_word' id='word_1_142' title='bbox 560 2931 675 2998; x_wconf 79' lang='lat' dir='ltr'>bis&#39;</span> <span class='ocrx_word' id='word_1_143' title='bbox 709 2928 905 3015; x_wconf 87' lang='lat' dir='ltr'>igitur</span> <span class='ocrx_word' id='word_1_144' title='bbox 951 2924 1107 2999; x_wconf 81' lang='lat' dir='ltr'>satis</span> <span class='ocrx_word' id='word_1_145' title='bbox 1166 2942 1456 2997; x_wconf 81' lang='lat' dir='ltr'>constare</span> <span class='ocrx_word' id='word_1_146' title='bbox 1509 2928 1804 3011; x_wconf 83' lang='lat' dir='ltr'>videtur,</span> <span class='ocrx_word' id='word_1_147' title='bbox 1863 2932 2190 3017; x_wconf 87' lang='lat' dir='ltr'>globulum</span> 
     </span>
     <span class='ocr_line' id='line_1_22' title="bbox 332 3042 2198 3133; baseline 0.003 -23"><span class='ocrx_word' id='word_1_148' title='bbox 332 3044 525 3111; x_wconf 80' lang='lat' dir='ltr'>istum</span> <span class='ocrx_word' id='word_1_149' title='bbox 578 3042 842 3111; x_wconf 77' lang='lat' dir='ltr'>viridem</span> <span class='ocrx_word' id='word_1_150' title='bbox 894 3062 1033 3113; x_wconf 69' lang='lat' dir='ltr'>esse</span> <span class='ocrx_word' id='word_1_151' title='bbox 1086 3064 1371 3133; x_wconf 84' lang='lat' dir='ltr'>organon</span> <span class='ocrx_word' id='word_1_152' title='bbox 1431 3046 1961 3131; x_wconf 82' lang='lat' dir='ltr'>reproductionis.</span> <span class='ocrx_word' id='word_1_153' title='bbox 2073 3050 2198 3119; x_wconf 60' lang='lat' dir='ltr'>Seri</span> 
     </span>
     <span class='ocr_line' id='line_1_23' title="bbox 330 3137 2196 3247; baseline 0.004 -21"><span class='ocrx_word' id='word_1_154' title='bbox 330 3137 495 3246; x_wconf 56' lang='lat' dir='ltr'>iam.</span> <span class='ocrx_word' id='word_1_155' title='bbox 526 3159 627 3227; x_wconf 82' lang='lat' dir='ltr'>vel</span> <span class='ocrx_word' id='word_1_156' title='bbox 691 3152 939 3225; x_wconf 86' lang='lat' dir='ltr'>fructus</span> <span class='ocrx_word' id='word_1_157' title='bbox 1007 3156 1488 3246; x_wconf 80' lang='lat' dir='ltr'>monospermus</span> <span class='ocrx_word' id='word_1_158' title='bbox 1555 3180 1692 3229; x_wconf 87' lang='lat' dir='ltr'>esse</span> <span class='ocrx_word' id='word_1_159' title='bbox 1751 3177 1966 3245; x_wconf 84' lang='lat' dir='ltr'>potest</span> <span class='ocrx_word' id='word_1_160' title='bbox 1987 3210 2020 3247; x_wconf 24' lang='lat'>,⁸</span> <span class='ocrx_word' id='word_1_161' title='bbox 2093 3168 2196 3235; x_wconf 86' lang='lat' dir='ltr'>vel</span> 
     </span>
     <span class='ocr_line' id='line_1_24' title="bbox 326 3269 2193 3367; baseline 0.005 -23"><span class='ocrx_word' id='word_1_162' title='bbox 326 3274 596 3361; x_wconf 76' lang='lat' dir='ltr'>simplex</span> <span class='ocrx_word' id='word_1_163' title='bbox 628 3272 1019 3345; x_wconf 90' lang='lat' dir='ltr'>tuberculum</span> <span class='ocrx_word' id='word_1_164' title='bbox 1047 3326 1072 3359; x_wconf 88' lang='lat'>‚</span> <span class='ocrx_word' id='word_1_165' title='bbox 1116 3279 1328 3362; x_wconf 79' lang='lat' dir='ltr'>spot-is</span> <span class='ocrx_word' id='word_1_166' title='bbox 1369 3278 1722 3363; x_wconf 86' lang='lat' dir='ltr'>analogum.</span> <span class='ocrx_word' id='word_1_167' title='bbox 1812 3280 1993 3367; x_wconf 82' lang='lat' dir='ltr'>Quae</span> <span class='ocrx_word' id='word_1_168' title='bbox 2016 3269 2193 3353; x_wconf 70' lang='lat' dir='ltr'>⁸ulte·</span> 
     </span>
     <span class='ocr_line' id='line_1_25' title="bbox 322 3380 2214 3479; baseline 0.007 -19"><span class='ocrx_word' id='word_1_169' title='bbox 322 3380 459 3461; x_wconf 70' lang='lat' dir='ltr'>&#39;rior</span> <span class='ocrx_word' id='word_1_170' title='bbox 530 3392 839 3461; x_wconf 85' lang='lat' dir='ltr'>sententia</span> <span class='ocrx_word' id='word_1_171' title='bbox 866 3394 1305 3479; x_wconf 86' lang='lat' dir='ltr'>confirmatur,</span> <span class='ocrx_word' id='word_1_172' title='bbox 1347 3398 1520 3478; x_wconf 86' lang='lat' dir='ltr'>quod</span> <span class='ocrx_word' id='word_1_173' title='bbox 1555 3398 1620 3463; x_wconf 88' lang='lat' dir='ltr'>in</span> <span class='ocrx_word' id='word_1_174' title='bbox 1663 3398 2032 3470; x_wconf 85' lang='lat' dir='ltr'>evolutione</span> <span class='ocrx_word' id='word_1_175' title='bbox 2071 3425 2214 3473; x_wconf 61' lang='lat' dir='ltr'>sua</span> 
     </span>
     <span class='ocr_line' id='line_1_26' title="bbox 322 3504 2182 3603; baseline 0.006 -27"><span class='ocrx_word' id='word_1_176' title='bbox 322 3526 469 3595; x_wconf 78' lang='lat' dir='ltr'>pars</span> <span class='ocrx_word' id='word_1_177' title='bbox 524 3504 786 3577; x_wconf 73' lang='lat' dir='ltr'>foliacea</span> <span class='ocrx_word' id='word_1_178' title='bbox 871 3526 1003 3577; x_wconf 86' lang='lat' dir='ltr'>non</span> <span class='ocrx_word' id='word_1_179' title='bbox 1078 3528 1193 3595; x_wconf 88' lang='lat' dir='ltr'>per</span> <span class='ocrx_word' id='word_1_180' title='bbox 1280 3511 1772 3597; x_wconf 86' lang='lat' dir='ltr'>integumentum</span> <span class='ocrx_word' id='word_1_181' title='bbox 1873 3521 2182 3603; x_wconf 75' lang='lat' dir='ltr'>quoddam</span> 
     </span>
     <span class='ocr_line' id='line_1_27' title="bbox 324 3618 2185 3718; baseline 0.005 -23"><span class='ocrx_word' id='word_1_182' title='bbox 324 3638 549 3709; x_wconf 80' lang='lat' dir='ltr'>exeat,</span> <span class='ocrx_word' id='word_1_183' title='bbox 614 3626 711 3693; x_wconf 84' lang='lat' dir='ltr'>uti</span> <span class='ocrx_word' id='word_1_184' title='bbox 767 3626 891 3695; x_wconf 86' lang='lat' dir='ltr'>hoc</span> <span class='ocrx_word' id='word_1_185' title='bbox 946 3626 1013 3694; x_wconf 89' lang='lat' dir='ltr'>in</span> <span class='ocrx_word' id='word_1_186' title='bbox 1070 3626 1418 3697; x_wconf 81' lang='lat' dir='ltr'>seminibus</span> <span class='ocrx_word' id='word_1_187' title='bbox 1475 3630 1720 3698; x_wconf 87' lang='lat' dir='ltr'>obtinet</span> <span class='ocrx_word' id='word_1_188' title='bbox 1743 3678 1768 3713; x_wconf 90' lang='lat'>,</span> <span class='ocrx_word' id='word_1_189' title='bbox 1809 3634 1940 3701; x_wconf 65' lang='lat' dir='ltr'>”sed</span> <span class='ocrx_word' id='word_1_190' title='bbox 2001 3618 2185 3718; x_wconf 73' lang='lat' dir='ltr'>&#39;quod</span> 
     </span>
     <span class='ocr_line' id='line_1_28' title="bbox 326 3742 1590 3833; baseline 0.006 -24"><span class='ocrx_word' id='word_1_191' title='bbox 326 3742 465 3828; x_wconf 80' lang='lat' dir='ltr'>lpse</span> <span class='ocrx_word' id='word_1_192' title='bbox 507 3744 807 3827; x_wconf 82' lang='lat' dir='ltr'>globulus</span> <span class='ocrx_word' id='word_1_193' title='bbox 845 3744 1087 3812; x_wconf 66' lang='lat' dir='ltr'>dilatari</span> <span class='ocrx_word' id='word_1_194' title='bbox 1124 3746 1410 3813; x_wconf 84' lang='lat' dir='ltr'>videatur</span> <span class='ocrx_word' id='word_1_195' title='bbox 1449 3748 1590 3833; x_wconf 77' lang='lat' dir='ltr'>(a).</span> 
     </span>
    </p>
   </div>
   <div class='ocr_carea' id='block_1_3' title="bbox 394 3834 2182 4076">
    <p class='ocr_par' dir='ltr' id='par_1_5' title="bbox 394 3834 2182 4076">
     <span class='ocr_line' id='line_1_29' title="bbox 394 3834 2182 3981; baseline 0.002 -14"><span class='ocrx_word' id='word_1_196' title='bbox 394 3910 485 3979; x_wconf 88' lang='grc' dir='ltr'>(ι)</span> <span class='ocrx_word' id='word_1_197' title='bbox 516 3914 565 3964; x_wconf 86' lang='lat' dir='ltr'><strong>D</strong></span> <span class='ocrx_word' id='word_1_198' title='bbox 584 3926 617 3965; x_wconf 80' lang='lat' dir='ltr'>e</span> <span class='ocrx_word' id='word_1_199' title='bbox 652 3914 995 3969; x_wconf 78' lang='lat' dir='ltr'>Candolle</span> <span class='ocrx_word' id='word_1_200' title='bbox 1052 3914 1458 3981; x_wconf 65' lang='lat' dir='ltr'>omnem-aphia</span> <span class='ocrx_word' id='word_1_201' title='bbox 1496 3876 1754 3977; x_wconf 47' lang='lat' dir='ltr'>vegente(</span> <span class='ocrx_word' id='word_1_202' title='bbox 2095 3834 2182 3908; x_wconf 65' lang='grc' dir='ltr'>Π.</span> 
     </span>
     <span class='ocr_line' id='line_1_30' title="bbox 400 4004 2178 4076; baseline 0.007 -17"><span class='ocrx_word' id='word_1_203' title='bbox 400 4004 489 4074; x_wconf 73' lang='lat' dir='ltr'>(a)</span> <span class='ocrx_word' id='word_1_204' title='bbox 518 4009 715 4064; x_wconf 75' lang='lat' dir='ltr'>Praeter</span> <span class='ocrx_word' id='word_1_205' title='bbox 755 4022 989 4067; x_wconf 69' lang='lat' dir='ltr'>auctores</span> <span class='ocrx_word' id='word_1_206' title='bbox 1014 4010 1225 4075; x_wconf 71' lang='lat' dir='ltr'>citatos,</span> <span class='ocrx_word' id='word_1_207' title='bbox 1258 4014 1326 4063; x_wconf 75' lang='lat' dir='ltr'>de</span> <span class='ocrx_word' id='word_1_208' title='bbox 1356 4014 1462 4065; x_wconf 70' lang='lat' dir='ltr'>hoc</span> <span class='ocrx_word' id='word_1_209' title='bbox 1497 4022 1790 4073; x_wconf 68' lang='lat' dir='ltr'>mmo</span> <span class='ocrx_word' id='word_1_210' title='bbox 1816 4012 2044 4067; x_wconf 75' lang='lat' dir='ltr'>conferri</span> <span class='ocrx_word' id='word_1_211' title='bbox 2068 4026 2178 4076; x_wconf 58' lang='grc' dir='ltr'>ωε,</span> 
     </span>
    </p>
   </div>
   <div class='ocr_carea' id='block_1_4' title="bbox 1221 4104 2182 4171">
    <p class='ocr_par' dir='ltr' id='par_1_6' title="bbox 1221 4104 2182 4171">
     <span class='ocr_line' id='line_1_31' title="bbox 1221 4104 2182 4171; baseline -0.012 0"><span class='ocrx_word' id='word_1_212' title='bbox 1221 4104 1274 4171; x_wconf 86' lang='grc' dir='ltr'>Β</span> <span class='ocrx_word' id='word_1_213' title='bbox 2069 4124 2182 4170; x_wconf 68' lang='lat' dir='ltr'>m.</span> 
     </span>
    </p>
   </div>
  </div>
 </body>
</html>
