2809 4992
819 523 1691 602 BOTANICA..
2052 547 2139 615 29

295 709 444 782 tei-ie
502 709 784 781 resinosa
835 727 1022 795 quam
1067 707 1413 778 arctissime
1470 709 1627 778 inter
1676 727 1751 776 se
1796 725 1947 778 sunt
1986 727 2141 780 con·

283 833 586 917 junctae.-

391 945 746 1022 Secundum
843 919 1290 1012 nonnullorum
1375 941 1815 1012 Botanicorum
1898 957 2147 1017 senten·

287 1061 434 1136 tiam
467 1063 619 1150 ν(ι)
637 1108 693 1144 „
741 1078 980 1144 gemma
1034 1061 1358 1127 humorem
1424 1061 1749 1143 quemdam
1815 1067 2095 1130 continet
2116 1111 2142 1146 ,

287 1180 411 1264 qui
452 1199 554 1273 eoo
574 1193 856 1262 tempore
873 1222 900 1256 ,
959 1195 1090 1259 quo
1151 1193 1426 1260 gemmae
1471 1174 1857 1251 'evolvuntur
1876 1227 1901 1262 ,
1942 1179 2149 1262 liquo·

295 1315 429 1363 rem
483 1297 660 1363 illum
721 1295 1072 1362 resinosum
1096 1339 1122 1376 ,
1181 1295 1497 1363 viscosum
1518 1341 1543 1376 ,
1598 1314 1887 1380 squamas
1938 1296 2155 1364 arctis·

293 1414 456 1482 sime
509 1413 673 1480 inter
712 1431 782 1478 se
824 1415 1301 1498 conjungentem
1327 1460 1353 1495 ,
1397 1411 1711 1484 solvebat.
1800 1411 1925 1480 Sed
1966 1431 2157 1496 quae-

296 1545 440 1595 nam
498 1545 596 1596 est
663 1548 897 1610 causa,
955 1548 1097 1596 cur
1129 1533 1236 1598 ille
1281 1527 1535 1614 liquor,
1613 1530 1725 1612 qui
1777 1551 2023 1616 semper
2086 1532 2151 1599 in

295 1665 532 1730 gemma
580 1643 784 1714 adfuit
839 1645 981 1714 sine
1039 1647 1164 1714 ulla
1221 1648 1471 1714 actione
1534 1647 1862 1716 manifesta
1888 1700 1912 1735 ,
1982 1666 2151 1716 nunc

296 1765 544 1831 demum
585 1765 1028 1850 proprietatem
1064 1763 1304 1832 resinae
1335 1767 1671 1832 solvendae
1710 1766 2027 1850 acquirit?
2073 1801 2141 1818 -

189 1949 198 1954 .
293 1879 382 1948 Et
433 1875 682 1963 quando
729 1899 1036 1964 ponamus
1061 1928 1086 1964 ,
1127 1883 1284 1948 hanc
1325 1881 1705 1950 solutionem
1742 1881 1881 1950 fieri
1914 1903 2107 1966 posse
2125 1929 2151 1967 ,

299 1997 420 2065 alia
474 1999 681 2064 oritur
725 1997 1012 2080 quaestio
1033 2043 1060 2078 ‚
1111 2015 1380 2082 nempe:
1427 2002 1753 2082 >quomodo
1816 2013 2023 2084 partes
2059 2015 2151 2068 te·

291 2113 634 2182 nuiesimae
671 2114 800 2180 vim
837 2105 1232 2182 resistentem
1275 2131 1673 2198 squamarum
1726 2117 1975 2185 vincere
1994 2165 2019 2202 ,
2062 2131 2155 2185 at-

287 2250 422 2314 que
463 2251 568 2298 eas
625 2251 702 2300 ex
751 2235 878 2298 'suo
938 2233 1082 2299 loco
1143 2251 1396 2300 movere
1457 2249 1770 2317 possunt,
1814 2231 1991 2318 ³quia
2040 2237 2153 2302 ve}

290 2346 542 2422 minima
593 2349 922 2433 pressione
961 2349 1348 2424 laeduntur?
2026 2370 2033 2380 ·

311 2497 320 2508 ·
373 2465 476 2534 Eo
513 2465 1010 2534 redit‘sententia
1040 2467 1236 2536 Doct.
1263 2467 1384 2534 viri
1407 2469 1485 2534 de
1506 2469 1913 2552 evolutione,
1960 2447 2151 2553 quam
2198 2505 2204 2509 ·

257 2579 364 2650 ”in
435 2601 674 2668 gemma
731 2584 872 2667 ipsa
917 2585 1188 2674 positam
1243 2603 1380 2654 esse
1440 2586 1805 2653 contendit:
1878 2607 2149 2672 gemma-⁶

295 2719 436 2766 rum
475 2715 764 2790 squamae
801 2697 1136 2781 impositae
1175 2714 1326 2764 sunt
1375 2701 1547 2766 nodo
1572 2747 1597 2782 ,
1634 2701 1741 2768 cui
1776 2710 2013 2786 gemina
2050 2703 2151 2769 ine

287 2814 498 2896 sidet3
578 2815 804 2896 hyeme
874 2813 1252 2897 incipiente,
1333 2825 1629 2897 squamae
1684 2817 1946 2884 basibus
2008 2819 2153 2885 suis

285 2929 456 3000 fere.
477 2931 844 3015 conjunctae
895 2941 1046 2996 sunt
1066 2975 1094 3011 ,
1177 2947 1364 3013 quam
1400 2931 1689 3014 proxime
1747 2935 1961 3000 saltem
2016 2933 2144 3000 sibi

286 3049 562 3118 adstant.
649 3047 866 3114 Veruo
887 3053 1190 3131 'temp‘ore
1234 3061 1480 3129 autem,
1524 3049 1673 3114 dnm
1720 3049 1925 3132 maior
1966 3053 2142 3118 succi

285 3168 474 3252 copia
513 3168 785 3251 plantam
839 3163 1072 3248 intrat,
1109 3163 1318 3232 nodus
1359 3163 1523 3232 infra
1556 3181 1855 3248 gemmam
1894 3166 2146 3249 positus

285 3297 536 3369 turgere
584 3279 808 3364 incipit
826 3332 852 3364 ,
898 3301 1032 3364 quo
1077 3279 1216 3362 fit,
1237 3296 1311 3348 ut
1353 3281 1535 3348 bases
1562 3283 1968 3366 ‘squamarum
2016 3303 2145 3352 ma·

297 3401 408 3484 gis-
445 3400 766 3484 magisque
803 3417 840 3466 a
859 3407 952 3472 ‘se
987 3399 1256 3467 invicem
1313 3401 1783 3486 removeantur-3
1828 3417 2139 3487 praeterea

291 3518 654 3586 evolutione
676 3515 872 3601 magis
904 3517 1326 3600 procedente,
1345 3533 1553 3600 partes
1594 3534 1833 3600 gemma
1868 3519 2149 3590 inclusae

294 3649 360 3702 et
399 3635 788 3720 longitudine
841 3647 912 3702 et.
955 3634 1236 3702 crassitie
1299 3647 1647 3719 augentur,
1710 3648 1903 3717 etque
1958 3636 2142 3700 aiam

293 3771 440 3822 suas
465 3799 490 3836 ,
539 3763 860 3836 quantum·
884 3754 1090 3820 valent
1115 3799 1140 3836 ,
1181 3752 1372 3820 vites·
1401 3751 1733 3821 intendunt
1757 3751 1919 3834 ,·ad·
1953 3763 2145 3834 squ&

734 3877 742 3888 ·
2010 3885 2144 3936 ma·
2182 3955 2191 3962 .

359 4005 452 4072 (ι)
483 4007 904 4070 annuntiet,
935 4011 974 4062 1.
1007 4011 1046 4059 Ι.
1075 4012 1176 4062 206
1205 4016 1350 4068 seqq-
1428 4041 1443 4050 0
2174 3965 2183 3977 ι
