2809 4992
655 951 1741 1120 APPENfilm

814 1371 1533 1423 w

339 1683 594 1786 Finem
649 1727 819 1777 nunc
879 1707 1316 1792 disquisitioni
1378 1719 1631 1775 nostrae
1702 1707 2124 1793 qualicunque

255 1832 500 1897 tandem
556 1827 878 1910 imponere
925 1841 1304 1907 possemus,
1371 1822 1499 1886 nisi
1550 1825 1908 1907 appendicis
1972 1827 2117 1892 loco

256 1946 385 2013 duo
456 1921 676 2010 saitem
724 1939 932 2007 morbi
979 1957 1165 2007 casus
1222 1939 1647 2024 adjungendos
1714 1939 2119 2024 duceremus,

257 2077 458 2126 unum
533 2078 571 2124 a
639 2058 814 2126 Clar.
881 2055 1150 2125 Tot-ti
1223 2057 1483 2124 alterum
1559 2076 1598 2125 ι
1661 2075 1799 2124 me·
1833 2057 2125 2140 observa·

255 2188 424 2244 tum.

339 2291 446 2364 Eo
492 2305 698 2361 ath
773 2292 1112 2378 proposito
1168 2291 1364 2362 hosce
1416 2291 1796 2379 adjecimus,
1858 2308 1933 2360 ut
1992 2313 2127 2362 om·

255 2409 430 2476 nium
491 2428 756 2491 eorum,
835 2427 997 2491 quae
1043 2409 1140 2513 in
1179 2408 1705 2477 commentatione
1770 2410 2122 2494 habentur,

251 2524 484 2595 brevis
515 2523 694 2610 quasi
748 2502 1131 2610 conspectus
1177 2525 1499 2593 habentur.
1938 2541 1945 2550 ·

297 2755 494 2826 casus
533 2751 753 2822 Morbi
789 2773 835 2819 a
875 2751 977 2819 CI.
1024 2747 1152 2817 To
1175 2753 1296 2818 rti
1337 2751 1503 2842 (Op.
1546 2755 1661 2822 cit.
1704 2773 1850 2840 pag.
1876 2757 2073 2841 293.)

995 2867 1376 2936 observatus.

315 3158 360 3196 „
393 3105 822 3182 Decumbebat
839 3104 1074 3190 duplici
1111 3101 1373 3174 tertiana
1395 3104 1843 3174 intermittente
1868 3107 2111 3178 intensa

252 3243 459 3293 tamen
502 3227 791 3292 detentus
845 3199 1159 3292 Comes
1223 3223 1736 3308 Alphonsus
1784 3221 2111 3314 Saxus,

251 3331 338 3411 in‘
365 3327 572 3409 medio
606 3359 797 3410 cursu
833 3341 1092 3409 floridae
1123 3341 1573 3410 adolescentiae
1606 3361 1800 3429 suae,
1838 3365 2111 3429 eumque

250 3457 507 3526 curabat
551 3457 746 3522 Doct.
789 3455 1190 3526 Riccius.

331 3549 408 3643 In
466 3573 737 3657 quodam
788 3573 1069 3654 graviore
1114 3594 1490 3662 paroxysmo
1550 3577 1711 3643 circa
1746 3577 1904 3644 XIV
1944 3598 2113 3647 mor-

250 3693 320 3759 bi
360 3687 524 3759 dieni
558 3689 776 3757 incidit
817 3691 924 3757 ille
963 3707 1218 3777 repente
1250 3692 1316 3760 in
1351 3710 1642 3778 soporem
1688 3691 2115 3777 profundissi⁴

248 3825 416 3872 mum
439 3853 463 3888 ,
507 3825 542 3871 a
583 3823 714 3887 quo
754 3805 1109 3875 difficillime
1155 3809 1723 3895 expergiscebatur.
1812 3811 2107 3881 Gravitas

255 3919 697 4007 symptomatis
741 3935 806 3992 et
865 3923 1338 3994 extraordinaria
1386 3925 1605 3996 Febris
1648 3925 1922 3998 intensio
1940 3976 1967 4014 ,
2032 3951 2111 3999 eo

2002 4049 2108 4116 ad·
