2809 4992
45 1779 52 2260 q——ffi

768 546 1671 652 βοτΑΝιεω.
2019 567 2100 640 η

240 721 639 802 succulentis·
691 733 885 816 amyli
944 747 1162 815 magna
1217 745 1364 814 pars
1420 745 1518 802 est
1571 745 1825 804 secreta.
1911 733 2102 803 Prior
2219 719 2228 726 ’

240 851 519 918 nutritur
553 870 592 915 a
647 848 927 916 cellulari
970 866 1237 930 quacum
1307 848 1646 916 arctissime
1693 854 2096 939 conjungitur

236 979 304 1034 et
340 967 603 1035 simulac
655 967 807 1032 haec
878 964 1145 1031 nutritio
1198 964 1422 1048 incipit
1443 1012 1468 1047 ,
1531 967 1766 1035 radices
1788 989 1830 1051 ,·
1893 970 2094 1054 folia3

233 1091 513 1168 scapum·
580 1093 775 1163 atque
856 1078 1145 1145 sobolem
1220 1079 1604 1161 producendi
1665 1065 1810 1165 apta
1869 1086 2097 1154 evadiu

234 1199 467 1266 Variae
510 1197 745 1262 harum
798 1193 1281 1263 substantiarum
1344 1195 1585 1264 formae
1640 1212 1828 1280 atque
1894 1203 2100 1271 varius

238 1311 713 1399 conjunctionis
748 1311 973 1382 modus
1014 1311 1341 1380 discrimen
1384 1313 1658 1380 efficiunt
1691 1316 1858 1381 inter
1905 1317 2102 1405 cliver-

242 1447 359 1496 sos
416 1427 675 1494 bulbos.
757 1429 1217 1496 Distinctrones
1262 1429 1674 1498 assumimus
1717 1432 1907 1498 inter
1965 1431 2102 1501 bul·-

238 1545 365 1614 bos
418 1545 729 1612 tunicatos
755 1591 781 1628 ‚
840 1563 1215 1631 squamosos
1270 1561 1337 1614 et
1372 1547 1649 1631 solidos3
1703 1552 1784 1616 de
1831 1551 2106 1636 singulis

232 1662 411 1730 hisce
470 1663 811 1732 videamus.
1589 1682 1594 1690 ·

238 1819 247 1829 ·
315 1782 392 1850 ln
468 1780 799 1864 superiore
848 1793 1025 1864 parte
1090 1796 1153 1848 et
1209 1780 1486 1867 margine
1541 1783 1862 1865 placentae
1891 1785 2110 1854 ·bulbi.

231 1895 545 1978 tunicati,
586 1897 847 1964 tunicae·
896 1881 1307 1980 interpositis·
1355 1897 1730 1966 membranis
1757 1919 1792 1966 a
1821 1919 1892 1966 se
1935 1900 2102 1968 invi·
2219 1905 2226 1912 ’

231 2032 371 2079 cem
436 2029 797 2097 separantur
819 2058 844 2095 ‚
885 2030 1103 2079 verum
1156 2031 1287 2078 non
1317 2029 1472 2080 sunt
1489 2060 1514 2095 ,
1553 2013 1680 2088 nisi
1732 2015 2102 2098 incrassatae

228 2132 421 2198 base·
476 2127 805 2198 foliorum.
886 2129 961 2195 In
1002 2131 1209 2195 medio
1242 2129 1305 2194 in
1338 2130 1754 2213 prominentia
1783 2135 2103 2215 placentae

223 2242 554 2314 invenitur
588 2246 889 2330 embryo,
942 2249 1159 2312 colore
1216 2245 1399 2312 viridi
1433 2245 1818 2332 conspicuus
1845 2295 1870 2330 ‚
1902 2265 2094 2332 atque

226 2377 527 2432 constans
570 2380 650 2429 ex
709 2361 1075 2446 rudimentis
1138 2360 1445 2428 foliorum
1499 2363 1858 2448 florumque
1909 2365 2090 2446 futu·
2177 2341 2198 2433 ‚¹

230 2500 337 2548 rae
393 2477 830 2564 vegetationis.
916 2479 1203 2564 Durante
1232 2477 1630 2564 vegetatione
1657 2481 1742 2548 ita
1780 2483 2091 2552 radiculae

228 2599 607 2682 proveniunt
629 2643 655 2678 ,
728 2613 815 2661 ex
873 2595 1221 2679 peripheria
1294 2598 1584 2680 corporis
1655 2598 2034 2668 disciformis
2059 2651 2086 2686 ‚

228 2715 491 2800 embryo
524 2711 840 2780 evolvitur
865 2758 891 2793 ,
928 2713 1315 2776 membranae
1353 2731 1651 2781 carnosae
1671 2735 1830 2781 vero
1855 2764 1880 2799 ,
1925 2720 2090 2802 quad

223 2823 493 2890 multum
542 2821 663 2886 hac
692 2817 1058 2884 evolutione
1096 2816 1424 2899 patiuntur
1452 2865 1478 2900 ‚
1519 2831 1730 2894 totum·
1773 2825 2092 2896 exsiccata,

228 2956 388 3021 tur3
470 2951 661 3018 atque
722 2933 873 3000 dum
943 2930 1149 2998 omnia
1208 2931 1363 2998 haec
1417 2932 1580 3000 fiunt
1599 2981 1624 3016 ,
1685 2939 2090 3020 reprpductio

232 3053 425 3126 bulbi
492 3055 701 3119 locum
764 3050 979 3119 habet.
1099 3049 1371 3118 simulac
1425 3067 1650 3136 nempe
1697 3051 1850 3123 folia
1901 3071 2094 3140 atque

227 3175 427 3244 flores
470 3183 757 3254 vegetare
791 3166 1103 3235 desistunt
1154 3165 1225 3233 in
1263 3167 1591 3253 superiore
1631 3185 1810 3254 parte
1837 3175 2088 3258 placem

230 3309 329 3360 tae
353 3338 380 3373 ‚
430 3288 595 3355 inter
636 3267 1021 3353 membranas
1070 3299 1133 3351 et
1169 3305 1205 3352 a
1236 3286 1536 3354 lateribus
1569 3289 1743 3374 scapi
1777 3289 2084 3364 formatur
2197 3369 2206 3385 ¹

230 3407 651 3476 rudimentum
704 3405 857 3470 novi
894 3401 1299 3487 embryonis3
1344 3403 1534 3471 simul
1583 3423 1796 3475 omnes
1848 3413 2078 3494 succi‚·

224 3527 435 3596 omnis
480 3522 761 3603 materies
821 3521 1107 3620 organica
1170 3539 1247 3588 ex
1301 3521 1731 3605 superioribus
1769 3523 2074 3598 foliorum

231 3644 511 3732 partibus
550 3659 777 3708 versus
838 3635 1165 3704 inferiores
1208 3639 1474 3706 tendunt
1505 3687 1530 3722 ,
1571 3659 1724 3723 quo:
1746 3641 1862 3708 hae
1918 3649 2082 3712 mul-

238 3780 373 3829 tum
410 3761 829 3824 incrassantur
848 3803 871 3838 ,
916 3755 1265 3840 superiores
1317 3775 1474 3824 vero
1536 3759 1924 3826 exsiccantur
1981 3775 2076 3828 at·

232 3895 371 3962 que
412 3875 767 3957 depereunt.
868 3873 1173 3941 Posthaec
1209 3887 1442 3940 mutata
1505 3887 1602 3941 est
1664 3876 1830 3940 actio
1884 3889 2074 3959 atque

234 3994 485 4092 rainerio
522 3991 703 4060 istius
743 3990 937 4074 partis
978 3992 1289 4073 placentae
1308 4035 1333 4072 ,
1378 4009 1572 4072 quae.
1603 3991 1850 4060 seniori
1875 3994 2072 4063 bulbo

770 4103 787 4116 ⁸
1925 4109 2068 4178 fun·
