2809 4992
861 358 1665 443 MEDICA.
2126 384 2221 459 gg¹

335 546 650 635 hyster-ica
668 592 694 629 ‚
789 564 948 629 quae
1011 548 1168 632 iure.
1223 547 1555 630 aliquando
1632 548 1795 617 inter
1866 546 2207 621 excitantes

336 665 700 752 apoplexiae
755 680 1007 729 caussae
1056 678 1481 735 recensentur.
1904 694 1913 703 ·

419 784 633 851 V1H0.
703 778 1044 847 Laesiones
1094 777 1403 850 violentae
1452 794 1519 847 et
1576 784 1987 857 contusiones
2010 832 2039 871 ‚
2106 780 2209 855 in·-

337 897 561 985 primia
618 896 812 984 capiti
835 898 1090 968 allatae.

415 1134 846 1222 Symptomata
885 1130 1272 1224 Apoplexlae
1299 1078 1605 1202 insultum
1632 1090 2119 1215 annuntiantia.

414 1366 509 1437 1⁰.
553 1367 820 1453 Vertigo
873 1366 1092 1435 crebra
1114 1412 1140 1449 ,
1203 1367 1586 1452 cephalalgia
1644 1366 1949 1454 frequens
1974 1418 2001 1455 ,
2061 1385 2210 1457 graa

327 1485 534 1555 vativa
557 1532 582 1565 ‚
627 1484 1004 1566 habitualis,
1046 1502 1200 1549 cum·
1244 1504 1517 1553 susurru
1558 1499 1624 1553 et
1676 1486 1917 1569 tinnitu
1953 1488 2203 1561 aurium

323 1598 660 1685 aliquando
716 1602 956 1685 juncta.
1043 1600 1284 1667 Mentis
1328 1601 1625 1685 segnities
1651 1649 1677 1686 ‚
1719 1604 2053 1672 memoriae
2111 1608 2203 1673 la·

318 1716 434 1785 bes
451 1764 478 1798 ‚
521 1718 942 1785 somnolentia
993 1716 1249 1813 insolita
1271 1762 1296 1799 ‚
1337 1732 1448 1783 aut
1488 1736 1753 1786 somnus
1811 1720 1999 1789 nimis
2044 1738 2197 1789 auc-

321 1848 428 1901 tus
450 1882 476 1917 ,
561 1850 836 1918 stupor,
920 1846 1190 1916 torpor,
1277 1847 1513 1899 tremor
1594 1833 1781 1902 unius
1854 1835 2197 1903 alteriusve

316 1950 633 2029 membri,
677 1951 906 2034 pedum
946 1946 1260 2015 vacillatio
1283 1995 1309 2030 ,
1354 1948 1611 2031 loquela
1651 1948 2009 2015 balbutiens
2028 1995 2053 2032 ‚
2078 1950 2197 2017 im·-

313 2066 567 2153 pedita,
637 2078 750 2133 aut
829 2064 1123 2149 singulari
1201 2064 1394 2131 modo
1484 2078 1747 2133 mutata.
1874 2062 2023 2131 Oria
2112 2059 2194 2134 ad

311 2184 678 2251 alterutrum
723 2181 889 2247 latus
927 2181 1218 2248 retractio
1237 2229 1260 2263 ,
1307 2193 1513 2247 tactus
1548 2180 1851 2264 obtusio,
1895 2200 2027 2249 vox
2066 2194 2195 2249 tre-

311 2299 480 2367 mula
499 2346 527 2380 ‚
585 2296 838 2365 auditus
897 2312 1321 2363 momentanea
1377 2298 1648 2364 cessatio
1669 2345 1695 2380 ,
1760 2297 1922 2363 iuter
1978 2300 2193 2383 legen-

311 2414 458 2483 dum
521 2410 722 2481 facilis
775 2428 838 2480 et
889 2406 1191 2499 frequens
1239 2434 1276 2483 a
1313 2412 1475 2499 linea
1516 2415 1825 2481 aberratio
1850 2462 1873 2497 ,
1918 2432 2191 2501 respon·-

306 2534 518 2601 aionea
570 2532 911 2615 implicitae
936 2577 960 2612 ,
1018 2531 1322 2598 scintillae
1374 2545 1518 2597 ante
1565 2534 1788 2597 oculos
1835 2532 2134 2599 micantes
2155 2578 2185 2617 ,

303 2662 416 2716 aut
492 2647 768 2713 maculae
843 2636 1184 2727 variegatae
1267 2646 1628 2728 divagantes
1647 2693 1673 2728 ,
1763 2661 1915 2711 mox
2010 2642 2185 2713 oculi

309 2764 498 2831 nnius
525 2808 548 2843 ,
633 2778 784 2828 mox
841 2760 1176 2841 utriusque
1241 2759 1639 2827 obnubilatio
1664 2808 1690 2845 ,
1766 2774 1833 2828 et
1894 2759 2183 2845 corporis

307 2882 376 2949 ln
414 2881 582 2946 lecto
618 2876 887 2963 jacentis
928 2874 1354 2944 convulslvus
1394 2891 1636 2945 motus·

385 2996 509 3065 ΠΟ.
572 2993 800 3063 Omnia
853 2971 1276 3079 symptomata
1338 2994 1786 3079 congestiones
1842 2996 1921 3063 ad
1985 3008 2179 3081 caput

299 3114 610 3185 declarant
631 3159 657 3196 ,
706 3111 910 3196 qualia
963 3124 1118 3179 sunt
1173 3112 1402 3193 pulsus
1446 3114 1806 3208 arteriarum
1860 3128 1924 3181 et
1962 3117 2177 3184 cordia

300 3234 564 3322 plenus,
607 3249 677 3297 ac
722 3231 966 3309 durus,
1016 3229 1232 3294 vultus
1273 3227 1491 3297 ruber.

377 3346 532 3415 1110.
576 3346 1024 3414 Extremitatea
1067 3334 1456 3430 frigescunt,
1501 3361 1563 3413 et
1607 3349 1787 3415 color
1814 3344 1997 3417 faciei
2038 3351 2173 3415 cito

299 3464 538 3533 variare
599 3460 824 3544 incipit
847 3505 872 3543 ,
925 3458 1273 3545 oculosque
1327 3464 1621 3547 protrudi
1678 3479 1745 3531 et
1805 3463 2172 3530 inflammari

297 3577 548 3665 saepius
609 3576 1030 3644 observantur
1071 3576 1218 3663 (t).

313 3704 322 3711 ·
526 3718 534 3725 ·
2064 3688 2171 3765 Ex

363 3832 454 3901 (ι)
489 3830 578 3887 Cf.
607 3843 734 3883 van
770 3830 1106 3905 litletona,
1142 3828 1370 3897 coum,
1399 3842 1527 3883 tom.
1562 3838 1615 3891 ι.
1646 3838 1764 3893 m·
1800 3839 1943 3897 2900.

1213 3928 1279 3993 C
