2809 4992
644 654 707 707 et
776 654 869 707 est
890 684 914 719 ,
1006 651 1305 720 quantum
1374 654 1559 705 nemo
1615 653 1781 702 unus
1851 636 1994 705 satis
2071 638 2263 721 digno
2319 639 2517 705 laudis

644 758 977 839 praeconio
1040 743 1259 819 o'mare
1314 752 1512 837 possit
1531 798 1554 835 ,
1633 753 1746 821 nifi
1805 752 1981 821 omni
2047 755 2370 823 doctrinae
2407 774 2517 822 co·

647 869 753 953 pia
800 884 865 939 et
926 870 1224 963 elegantia
1262 870 1618 939 cumulatus
1659 884 1894 939 orator.

735 987 947 1072 Quare
969 1034 994 1067 ‚
1059 1005 1257 1069 quum
1320 988 1639 1053 recondita
1685 965 1989 1055 doctrina
2043 1001 2234 1073 atque
2299 1002 2514 1057 ornate

652 1102 895 1171 dicendi
950 1100 1247 1169 facultate
1304 1104 1783 1185 haudquaquam
1845 1106 2133 1185 valeam,
2165 1105 2512 1171 Cicero·

652 1219 731 1284 ni
754 1238 785 1285 s
844 1219 1009 1299 mei,
1056 1218 1157 1283 vel
1220 1218 1434 1300 potius
1491 1219 1746 1302 nostri,
1790 1220 2062 1305 elogium
2114 1222 2510 1289 conscribere

649 1356 686 1401 a
746 1356 845 1401 me
880 1336 1145 1401 alienum
1188 1334 1381 1401 duco,
1469 1314 1698 1417 quue
1743 1338 1863 1402 hoc
1915 1335 2096 1403 etiam
2147 1336 2304 1402 mihi
2341 1356 2504 1419 opus

649 1450 779 1518 esse
832 1451 1123 1534 videtur,
1172 1470 1317 1517 cum
1380 1464 1613 1517 tantam
1677 1450 1894 1520 famam
1937 1452 2021 1518 sit
2084 1452 2504 1539 consecutus,

647 1582 723 1635 ut
776 1567 941 1634 illius
986 1585 1218 1634 nomen
1262 1585 1408 1634 cum
1451 1568 1880 1636 Romanorum
1937 1568 2132 1653 gloria
2163 1562 2505 1659 iretisfime

644 1664 720 1751 fii
778 1684 1213 1769 conjunctum.
1298 1682 1518 1770 Quum
1571 1704 1722 1753 vero
1781 1700 1948 1752 tanta
1987 1688 2054 1752 in
2086 1702 2150 1751 te
2189 1688 2276 1753 sit
2320 1688 2505 1770 cupi·

524 1788 533 1795 ’
640 1802 801 1867 ditas
826 1848 850 1883 ,
918 1802 1097 1884 plura
1144 1784 1223 1865 de
1270 1801 1380 1866 1110
1445 1804 1733 1870 audiendi
1757 1852 1782 1886 ‚
1843 1802 2124 1885 equidem
2202 1803 2320 1869 tibi
2357 1824 2498 1871 mo-

641 1932 771 1983 rem·
824 1932 1105 2001 geram3·
1152 1916 1500 1998 praesertim
1556 1937 1698 1987 cum
1757 1921 1916 1987 nihil
1949 1898 2338 2005 jucundius,
2397 1923 2498 1988 ni·

636 2034 787 2103 hil
752 2080 775 2115 ‚
836 2036 1015 2116 quod
1060 2034 1301 2119 magis
1294 2035 1383 2103 in
1429 2048 1804 2105 moerentem
1869 2038 2317 2123 eatisfimoque
2346 2040 2496 2107 ami·

638 2172 723 2219 co
769 2152 1053 2219 orbatum
1130 2152 1468 2218 hominem
1511 2156 1742 2221 cadere
1811 2156 2100 2237 videtur,
2157 2156 2486 2223 inveniam.
2560 2200 2572 2207 -

620 2274 737 2337 ·At
774 2285 939 2333 vero
992 2271 1184 2335 haud
1176 2272 1383 2352 scic,
1425 2280 1500 2335 an
1558 2268 1874 2335 meliorem
1935 2268 2019 2336 de
2061 2271 2522 2339 Cicer‘one.

634 2384 878 2451 dicendi
938 2386 1144 2451 locum
1217 2384 1456 2454 sumere
1511 2384 1790 2467 possim,
1867 2401 2050 2467 quam
2110 2385 2157 2453 fi
2201 2389 2298 2453 de
2363 2388 2497 2455 vita

640 2498 775 2583 ejus
836 2500 1073 2566 literata
1132 2500 1319 2583 dico,
1344 2520 1351 2539 2
1376 2516 1560 2582 quam
1605 2517 1793 2567 nemo
1841 2518 1942 2567 me
1997 2504 2219 2570 melius
2253 2506 2482 2586 novit,

635 2629 711 2681 ut
766 2616 876 2699 qui
936 2615 1223 2701 (iugulari
1290 2608 1550 2699 quddam
1591 2630 1654 2683 et
1710 2616 2054 2686 studiorum
2109 2624 2175 2686 et
2227 2622 2486 2691 omnino

630 2730 975 2807 animorum
1038 2732 1494 2801 necesfitndine
1539 2748 1725 2816 atque
1771 2736 2137 2818 quotidiano
2184 2736 2298 2804 usu
2337 2759 2510 2837 cum·

628 2872 705 2919 eo
757 2850 979 2923 fuerim
1024 2851 1381 2919 devinctus.
1473 2850 1674 2934 Igitur
1699 2898 1723 2933 ‚
1759 2852 1914 2933 quid
1963 2834 2032 2918 ἰιι
2080 2854 2482 2923 Ιιιιε·ῐιιειιει·ἰει

626 2966 902 3054 vulcani,
954 2969 1272 3054 experiar,
1307 2964 1846 3051 contendasque,
1889 2968 1936 3037 sn
1993 2970 2182 3037 modo
2231 2970 2297 3037 id
2330 2990 2485 3039 eon·

624 3088 795 3171 sequi
827 3104 1053 3172 potero
1084 3134 1111 3170 ‚
1178 3104 1247 3151 ut
1288 3085 1450 3151 nihil
1483 3128 1506 3166 ‚
1563 3086 1736 3167 quod
1775 3088 1854 3151 ad
1909 3086 2210 3155 tationem
2251 3084 2484 3157 studio·

627 3225 759 3272 rurn
794 3203 1039 3287 'spectat
1062 3252 1085 3285 ,
1148 3200 1644 3286 praetermissum
1687 3202 1993 3273 videatur.
2389 3232 2394 3235 ·

2311 4041 2366 4106 C
2385 4042 2478 4115 ‚A-
