2809 4992
811 431 1593 543 uoTAniICA.
2056 485 2139 554 s?

293 681 300 688 ·
341 652 816 740 Inprimis-lime
833 653 1158 722 botanicer
1194 669 1429 740 partem
1456 654 2131 740 perscrutamuntvi-

257 769 318 838 ri
357 771 554 841 Clu.-
597 769 1086 838 Sennebier
1131 783 1194 838 et
1249 771 1736 855 sprengel,
1815 791 1933 842 nec
1986 791 2121 844 non

253 887 454 958 Doct.
519 887 620 954 Li
647 887 754 954 uk
773 932 802 971 ,
865 903 1138 970 quorum
1185 886 1531 954 sententiae
1582 889 1920 973 praecipue
1970 905 2125 960 sunt

255 1003 746 1084 considerandae
797 1003 878 1070 ad
923 1004 1348 1087 phaenomena
1369 1048 1393 1086 ,
1452 1021 1615 1087 quae
1662 1005 1732 1072 in
1782 1005 2120 1078 bulborum

170 1133 180 1142 '
258 1135 408 1190 ortu
456 1121 806 1206 prodeunt,
869 1120 1256 1206 explicanda.
1428 1144 1439 1156 ·
2262 1099 2270 1106 ⁴

346 1236 536 1306 Bulbi
561 1237 842 1321 iuniores
863 1281 889 1319 ,
911 1235 1044 1319 tqui
1085 1255 1162 1304 ex
1184 1235 1385 1304 bulbo
1430 1250 1709 1304 materno
1746 1253 2125 1309 &suuntur

257 1373 302 1420 a
353 1353 527 1423 Chr.
569 1353 908 1421 Senneb
933 1353 1056 1420 ier
1097 1353 1352 1441 σηοως
1397 1367 1750 1438 vocantur3
1798 1355 1976 1424 Clnr.
2018 1357 2121 1425 du

233 1471 562 1540 hemel
603 1489 716 1538 eos
757 1471 954 1539 veluti
998 1489 1266 1556 gemmas
1323 1473 1671 1555 plantarum
1712 1473 2123 1544 bulhosarnm

251 1588 638 1657 considerat.
723 1589 1100 1656 Formantur
1147 1587 1270 1656 ista
1307 1607 1577 1673 corpore
1610 1588 1777 1657 inter
1828 1609 2119 1676 squama

109 1774 116 1782 ,
253 1707 356 1772 vel
405 1705 650 1774 tunicas
701 1705 878 1774 bulbi
921 1720 984 1773 et
1035 1706 1485 1774 nutrimentum
1524 1725 1603 1774 ex
1638 1709 2117 1795 parenehymate

249 1819 432 1890 bulbi
485 1822 778 1892 videntur
815 1821 1066 1889 haurire
1084 1868 1110 1903 ,
1173 1823 1350 1904 quod
1389 1841 1469 1888 eo
1525 1823 1831 1907 probatur
1848 1871 1874 1908 ,
1920 1845 2123 1910 quan·

249 1939 340 2007 do
383 1937 676 2008 nimirum
734 1957 880 2023 pars
921 1937 1182 2004 tollatur
1215 1936 1451 2020 bulbi,
1490 1937 1673 2004 etism
1728 1936 1963 2026 θοι-τες
2006 1959 2121 2010 ne·

251 2075 383 2142 que
436 2069 644 2122 tamen
698 2073 908 2123 novos
983 2055 1278 2138 producit
1343 2051 1577 2120 bulbos
1596 2101 1625 2138 ‚
1707 2057 1857 2139 ‘luit
1918 2055 2071 2124 fons
2088 2103 2117 2141 ‚

247 2172 700 2240 nutrimentum
753 2172 1054 2256 praebens
1075 2218 1101 2255 ,
1145 2187 1296 2238 tunc
1335 2170 1525 2238 nimis
1575 2187 1671 2240 eet
1710 2172 2071 2244 debilitatus
2084 2221 2117 2260 ‚

245 2287 354 2354 vel
407 2287 756 2355 exsiccatus
801 2287 952 2374 (1).
1011 2325 1102 2344 —
1159 2288 1314 2374 Quo
1363 2287 1561 2374 magis
1612 2307 1823 2358 novus
1878 2291 2117 2362 bulbus

243 2405 604 2487 accrescit,
641 2423 718 2469 eo
771 2403 970 2488 magis
1019 2403 1251 2472 bulbus
1307 2419 1620 2472 maternus
1672 2405 1739 2474 in
1792 2409 2117 2478 nonnullis

248 2521 584 2607 speciebus
641 2523 1023 2605 exsiccatur,
1071 2523 1176 2590 vel
1225 2523 1537 2607 putrescit
1578 2522 1673 2591 uti
1718 2521 1785 2592 in
1820 2525 2063 2614 Tult‘pis
2084 2575 2113 2612 ,

253 2659 388 2725 quo
437 2639 624 2708 facilc
667 2641 1013 2722 explicatur
1047 2639 1311 2705 mutatio
1351 2658 1661 2723 apparens
1707 2639 1932 2708 horum
1972 2641 2119 2712 bul·

247 2758 480 2826 borum
525 2775 565 2822 e
602 2757 746 2822 loco
765 2802 791 2837 ,
831 2755 940 2820 cui
988 2751 1238 2820 fuerant
1283 2753 1592 2837 impositi.

337 2873 526 2942 Bulbi
582 2871 796 2952 enim,
855 2883 928 2936 ut
983 2867 1052 2936 in
1109 2867 1483 2954 Hyacinthis
1506 2914 1533 2950 ,
1598 2888 1713 2954 per
1766 2873 2111 2944 nonnullos

249 3009 454 3060 annos
511 2995 720 3056 novos
749 2986 1046 3054 emittunt
1097 2983 1330 3052 bulbos
1389 2999 1457 3051 et
1506 3003 1619 3068 per
1658 2989 1915 3072 longum
1960 3003 2119 3060 tem.

249 3129 382 3198 pus
421 3107 630 3194 primo
666 3103 872 3191 partui
903 3101 1344 3187 supervivunt.
1428 3102 1619 3172 Bulbi
1658 3107 2113 3194 autemjunio·
2173 3141 2183 3149 ·

249 3247 354 3298 res
375 3228 454 3295 ad
493 3223 974 3310 magnitudinem
1013 3221 1228 3290 matris
1258 3237 1390 3288 non
1411 3223 1816 3307 perveniunt,
1858 3240 1921 3294 et
1958 3241 2109 3312 post

253 3345 416 3412 duos
457 3345 558 3411 vel
599 3358 728 3412 tres
783 3359 982 3409 annos
1043 3339 1310 3424 primum
1371 3339 1757 3426 florescunt3
1800 3361 1837 3412 a
1896 3345 2105 3430 primo

250 3478 416 3530 anno
477 3476 682 3528 tamen
753 3477 864 3526 eos
924 3458 1050 3542 jam
1105 3475 1386 3540 separare
1442 3477 1784 3544 possumus
1805 3507 1833 3543 ,
1913 3475 2108 3550 atque

249 3595 403 3648 tunc
450 3577 768 3662 propriam
824 3593 998 3642 suam
1059 3574 1250 3641 vitam
1307 3574 1571 3658 degunt.

340 3693 620 3766 Tunicas
662 3707 726 3760 et
765 3709 1054 3775 squamas
1098 3691 1275 3759 bulbi
1317 3709 1522 3760 novos
1582 3691 1814 3760 bulbos
1874 3694 2109 3778 produ·

2002 3829 2106 3884 ce·

314 3949 408 4013 (1)
439 3949 840 4014 sennebier,
873 3949 976 4005 101·
1008 3947 1068 4001 T.
1104 3948 1148 4000 1.
1183 3959 1238 4010 ρ.
1275 3959 1384 4008 321·
