2809 4992
764 446 1561 528 ΜΕΒΙΟᾸ.
2010 472 2113 543 4?

323 637 479 709 111⁰.
522 634 695 705 Mula
730 634 1122 703 consuetudo
1135 679 1162 715 ,
1205 634 1489 717 quotidie
1523 632 1833 723 insignem
1860 634 2109 725 copim

244 755 590 827 infusionis
631 752 882 838 tepidae
929 750 1166 818 coffeae
1219 752 1667 837 ingurgitandi

334 874 492 943 ΝΘ.
517 871 756 937 Terrae
771 867 1164 955 argillaoeae,
1189 888 1347 952 quae
1367 870 1522 936 solis
1536 870 1742 939 calore
1759 866 1982 959 fissae,
1998 884 2114 943 aut

247 1002 452 1057 aratro
471 1000 824 1053 commotae
846 1004 1111 1071 vapores
1146 984 1479 1069 specificos
1503 986 1777 1055 emittere
1795 990 2109 1059 videntur«

331 1103 736 1174 constitutio
779 1102 976 1199 igitur
1016 1104 1176 1169 aeris
1195 1100 1691 1187 atmospherici'‚
1722 1106 1981 1189 physica
2008 1122 2121 1175 aut

141 1234 152 1241 ·
249 1222 526 1291 chemica
596 1220 835 1289 ratione
891 1222 1223 1307 depravata
1240 1269 1268 1307 ,
1329 1220 1625 1308 princeps
1678 1222 1851 1291 illius
1913 1216 2126 1309 epido-

252 1338 410 1407 miae
455 1339 578 1407 fuit
627 1358 839 1409 causa.
2086 1358 2091 1365 ·

335 1454 542 1526 Nemo
601 1456 897 1542 negabit,
987 1455 1186 1525 dictas
1247 1474 1466 1525 causas
1490 1504 1515 1539 ,
1597 1458 1827 1536 multis,
1866 1456 2014 1527 aliis·
2054 1459 2123 1527 in

245 1578 412 1644 locis
464 1577 699 1661 patriae
748 1594 932 1659 saepe
969 1576 1244 1661 obvias,
1293 1576 1482 1641 etiam
1548 1574 1727 1643 facile
1776 1579 2125 1661 producere

247 1714 444 1779 posse
463 1740 490 1777 ,
575 1694 938 1778 epidemiam
1000 1694 1220 1763 Febris
1277 1690 1743 1761 intermittentis
1802 1692 2081 1780 vulgaris
2096 1738 2125 1780 ,
2240 1726 2249 1735 ·

247 1814 384 1879 imo
439 1826 501 1878 et
547 1812 953 1895 perniciosae.

340 1929 537 1997 Hisce
577 1929 768 2012 igitur
807 1926 1154 2010 expositis,
1195 1924 1376 1993 facile
1428 1941 1603 1993 nune
1652 1929 1915 1995 transire
1970 1948 2123 2012 pos·
2178 1952 2183 1959 ·

255 2062 468 2113 semus
525 2044 606 2111 ad
666 2043 888 2110 Febris
941 2043 1362 2127 apoplecticae
1403 2062 1623 2111 causas
1640 2090 1667 2128 ,
1708 2046 1941 2129 patriae
1975 2064 2126 2131 pro-

251 2162 421 2246 prias
449 2208 474 2243 ‚
523 2160 650 2227 nisi
707 2159 987 2228 breviter
1037 2160 1341 2244 simplicis
1397 2160 1595 2229 febris
1652 2162 2122 2233 inter-mittentis

251 2298 473 2348 causas
532 2279 1089 2362 praedisponentes
1150 2293 1215 2345 et
1269 2279 1607 2347 excitantes
1663 2280 1959 2349 exhibere
2008 2300 2125 2353 ne-

249 2416 428 2465 cesse
463 2399 841 2466 crederetur.

907 2574 1483 2665 Praedisponemcs.

367 2780 1069 2863 &Tempu-amentum
1121 2795 1483 2845 nervosum.

339 2901 466 2967 110.
459 2897 1105 2979 Temperamentum
1151 2894 1631 2980 lymphaticum.

341 3016 496 3086 1110.
543 3013 854 3085 conditio
895 3010 1176 3079 universi
1226 3010 1521 3097 corporis
1556 3012 1925 3096 systematis
1958 3014 2132 3083 debi-

256 3134 456 3202 litata.

263 3266 272 3276 ·
332 3249 458 3317 Sed
499 3261 572 3314 ut
621 3244 896 3330 ingenue
937 3242 1242 3311 fateamur
1265 3289 1290 3325 ,
1333 3243 1699 3311 universum
1759 3262 1955 3330 genus
2012 3248 2135 3317 hu·

257 3384 508 3433 manum
576 3359 1212 3447 praedispositionem
1251 3360 1329 3427 ad
1359 3360 1593 3430 Febres
1644 3360 2129 3434 intermittentes

259 3480 716 3550 contrahendas
755 3477 996 3557 habere¹
1028 3478 1365 3549 credimus-

991 3691 1395 3764 Excitams.

363 3876 464 3942 10.
535 3822 862 3953 Mineruam
937 3876 1240 3958 paludosa
1320 3894 1483 3979 quae
1555 3892 1637 3941 ex
1676 3874 1887 3957 aquis
1958 3890 2129 3963 stag.

1970 4012 2125 4061 nan-
