2809 4992
860 553 910 620 Β
953 550 1126 621 o-'r
1159 528 1338 621 Ἀ”Ν
1375 544 1685 623 ῐτεἈε»
2095 542 2219 623 ai

281 752 467 818 ,egana
522 736 954 821 integumento
996 734 1459 802 membranaceo
1496 734 1895 805 includuntur
1918 786 1943 821 ,
1991 740 2168 824 quod

269 852 574 937 calypti-a
633 852 810 919 audit
853 871 1041 936 quam
1101 852 1166 918 H
1193 852 1471 935 edwig
1524 864 1809 935 tanquam
1861 858 2159 923 corollam

273 970 686 1038 considerat.
743 972 902 1055 Rost
957 968 1410 1036 florescentiam
1434 968 1658 1035 haecce
1687 974 1962 1056 calypti-a
1980 975 2165 1041 ‘rum-

285 1088 502 1173 pitur.
565 1087 788 1155 Theca
849 1106 974 1168 qua
1019 1085 1358 1169 pedicellus
1380 1085 1752 1153 terminatur
1793 1104 1887 1155 est
1914 1126 1923 1137 .
1948 1108 2155 1162 verum
2202 1103 2209 1113 '

288 1206 727 1289 pericarpium
794 1204 994 1271 variae
1054 1204 1314 1271 formae.
1371 1198 1779 1289 Tempore
1798 1192 2161 1273 maturitatis
2216 1198 2225 1209 ’

301 1320 586 1421 aperitur
642 1335 830 1403 atque
883 1322 1014 1407 ejus
1072 1337 1215 1413 pars
1271 1319 1609 1404 superior,
1675 1332 1871 1403 nunc·
1884 1320 2165 1409 sublata,

305 1436 542 1503 dicitur
586 1440 978 1522 operculum.
1024 1437 1178 1504 Post
1212 1436 1494 1525 operculi
1536 1438 1789 1526 lapsum
1808 1456 2039 1523 margo
2060 1438 2169 1515 in-

303 1564 542 1619 ternus
591 1552 802 1621 thecae
864 1550 1180 1623 munitur
1209 1570 1332 1621 una
1404 1552 1761 1621 duabusve
1788 1552 2169 1621 membranis

302 1666 722 1757 denticulatis.
833 1668 968 1735 Hae
1027 1666 1413 1735 membranae
1460 1668 1802 1753 peristoma
1863 1668 2163 1747 efficiunt}
2288 1663 2296 1673 ’

293 1784 372 1851 In
419 1784 789 1867 quibusdam
839 1786 936 1853 uti
976 1784 1044 1854 in
1085 1785 1441 1872 Pogytrt‘cho
1482 1787 1699 1853 dentes
1747 1784 2166 1871 peristomatis

296 1902 712 1969 adnectuntur
769 1902 1158 1970 membranae
1218 1902 1463 1971 cuidam
1530 1917 1915 1971 transversae
1932 1949 1961 1986 ,
1996 1922 2167 1987 quae

301 2016 708 2101 epiphragma
779 2019 983 2085 audit.
1051 2004 1398 2086 ,Centrum
1450 2020 1666 2085 thecae
1725 2034 1989 2103 occupat
2040 2020 2175 2087 axis

305 2131 619 2199 verticalis
642 2178 668 2214 ‚
730 2133 1060 2201 columella
1115 2134 1300 2204 dicta.
1397 2134 1635 2219 Sporae
1688 2136 1916 2203 adsunt
1958 2154 2177 2211 numo-

296 2247 708 2337 rosissimae,
750 2250 1094 2317 secundum
1139 2250 1508 2337 Hedeg
1542 2252 1881 2335 parietibus
1912 2252 2171 2337 thecae,
2244 2338 2255 2349 .

293 2383 434 2439 non
494 2384 642 2433 vero
693 2368 1058 2434 columellae
1095 2368 1330 2435 affixae.
1420 2368 1590 2437 Sunt
1638 2370 2011 2454 perexiguae
2057 2387 2167 2439 ru·
2211 2392 2223 2408 ·

285 2464 612 2550 'sescentes
681 2484 786 2550 vel
841 2467 1157 2551 ⁴brunneae
1187 2532 1214 2569 ,
1265 2497 1565 2569 *tempore
1612 2486 1983 2554 maturitatis
2036 2483 2174 2558 for·
2252 2570 2269 2585 ·

302 2620 441 2670 mae
492 2598 856 2685 globulosae
891 2604 988 2669 vel
1019 2574 1417 2670 rotundatae.
1506 2598 1863 2689 Hedwig
1920 2602 2061 2670 illas
2102 2601 2169 2669 in

303 2718 524 2786 multis
575 2718 912 2809 speciebus
971 2718 1310 2801 germinare
1371 2717 1557 2784 vidit.
1657 2718 2167 2803 Integumentum

295 2832 620 2915 rumpitur
659 2848 720 2899 et
776 2831 1056 2914 plantula
1098 2820 1397 2913 prodiens
1438 2828 1815 2899 filamentnm
1848 2837 2168 2919 ostendit,
2216 2842 2227 2855 ’

308 2950 486 3031 quod
519 2966 650 3031 pro
692 2922 960 3014 radicula
1003 2960 1064 3012 et
1117 2945 1519 3029 cotyledonis
1572 2948 1782 3031 specie
1826 2968 1863 3015 a
1914 2948 2179 3035 quibus-

306 3063 454 3131 dam
492 3063 822 3129 salutatur.
905 3050 1142 3129 Postea
1171 3060 1328 3129 folia
1372 3064 1675 3145 quaedam
1710 3065 2175 3157 primordialia,

303 3180 701 3265 cylindracea
724 3194 784 3247 et
821 3177 1154 3246 ramificata
1192 3179 1511 3263 prodeunt
1533 3227 1559 3263 ,
1594 3199 1751 3263 quae
1805 3181 1873 3248 in
1910 3183 2178 3267 quibua·

309 3298 458 3365 dam
530 3296 908 3381 speciebus,
986 3297 1079 3363 uti
1129 3297 1196 3363 in
1251 3295 1489 3363 Phasco
1559 3298 1999 3385 commoi'de,
2057 3302 2171 3373 diu
2234 3320 2239 3323 ·

246 3388 256 3397 ’
302 3414 694 3499 persistunt.
799 3436 804 3442 ¹

386 3533 643 3601 Praeter
681 3531 848 3599 hunc
907 3528 1415 3615 reproductionis
1457 3532 1755 3619 modum,
1804 3534 2009 3603 musci
2060 3537 2177 3603 im·

303 3646 530 3733 primis
588 3645 863 3731 aquatici
927 3649 1108 3715 etiam
1176 3650 1268 3717 sic
1307 3647 1497 3717 dictis
1529 3651 1889 3719 stolonibus
1936 3623 2177 3735 propo-

305 3778 542 3847 gantur
561 3810 588 3849 ,
633 3764 743 3849 qui
789 3783 864 3831 ex
909 3764 1154 3834 illorum
1207 3768 1469 3838 surculo
1504 3770 1841 3851 prodeunt.
