2809 4992
507 508 711 590 ,ιε
1000 466 2121 587 ὸοΜΜΕΝΊ-Λτιο

628 684 815 767 eique
838 728 863 761 ,
906 679 1022 749 nifi
1060 682 1324 765 palmam
1368 680 1719 765 praeripere
1755 676 1967 767 posset
1980 727 2007 764 ,
2037 676 2316 765 aequalis
2353 695 2492 747 cer·

626 816 691 867 te
746 798 882 867 fieri
939 800 1334 867 vehementer
1390 797 1647 867 studuit.
1737 799 1988 869 Etenim
2033 796 2284 866 videbat
2304 774 2360 881 ,’
2383 773 2494 864 νέ-

626 917 735 987 riis
791 915 858 983 in
916 914 1155 995 οιυίίε,
1216 931 1291 981 ut
1354 936 1476 1001 pro
1537 917 1642 985 M.
1699 916 2146 1001 Canuleio
2210 928 2274 981 et
2335 894 2533 983 cn.'

626 1020 1087 1103 Doldbella
1129 1077 1154 1115 ,
1236 1052 1383 1101 cum
1458 1034 1726 1103 Cotta
1795 1032 2092 1119 princeps
2163 1030 2508 1125 adhibitae.

626 1151 784 1219 esset
808 1198 833 1232 ,
904 1152 1195 1238 majorem
1252 1164 1458 1217 tamen
1511 1152 1720 1217 locum
1786 1151 2074 1219 obtinere
2119 1137 2499 1219 Horten?

626 1266 841 1355 sium
902 1269 1041 1353 (1).
1154 1265 1325 1333 Tum
1374 1268 1744 1348 Cicero,
1803 1268 1916 1352 qui
1961 1270 2089 1354 jam
2147 1280 2326 1333 antee
2359 1252 2508 1335 mai

630 1404 811 1472 gnam
870 1384 965 1451 sui
998 1383 1165 1467 spem
1204 1398 1269 1449 et
1310 1380 1829 1467 exspectationem
1867 1397 2339 1467 commoverat,
2382 1400 2490 1451 ve·

630 1504 743 1591 riis
776 1500 1171 1585 eloquentiae
1210 1498 1470 1567 dotibus
1503 1500 1824 1585 praeditus
1843 1547 1867 1585 ,
1909 1500 2158 1569 limatus
2177 1547 2204 1584 ,
2243 1484 2506 1569 absolu-'

628 1639 737 1689 ius
772 1637 833 1687 et
854 1668 881 1703 ‚
919 1634 1227 1703 quatenus
1268 1617 1397 1685 hoc
1445 1616 1811 1685 hominibus
1845 1597 2227 1701 contingere
2247 1615 2502 1701 posfit,

628 1736 945 1825 perfectus
982 1748 1193 1836 orator
1242 1733 1478 1822 prodiit
1507 1780 1531 1815 ,
1575 1737 1927 1819 multasque
1971 1733 2215 1801 nobiles
2275 1733 2495 1801 causas

628 1853 759 1939 egit
789 1864 1001 1933 tanta,
1038 1866 1100 1917 et
1144 1851 1522 1919 eruditorem
1540 1898 1567 1933 ‚
1608 1866 1674 1917 et
1713 1851 1938 1935 populi
1979 1848 2435 1935 approbatione
2453 1894 2484 1935 ,

622 1966 703 2039 'ut
742 1969 1003 2037 dubium
1066 1986 1197 2035 non
1236 1968 1506 2053 amplius
1555 1968 1717 2035 esset
1736 2013 1762 2051 ,
1821 1986 1963 2035 eum
1987 2050 1994 2055 .
2017 1967 2301 2035 omnium
2351 1966 2498 2035 Ro-

628 2105 995 2167 manorum,
1038 2087 1151 2171 qui
1186 2084 1446 2153 fuerunt
1485 2104 1836 2171 eorumque
1855 2132 1880 2169 ,
1923 2100 1996 2153 ut
2009 2081 2286 2171 aaguror
2307 2132 2334 2169 ,
2379 2084 2491 2171 qui

630 2218 815 2273 erunt
834 2248 859 2283 ,
896 2204 1085 2287 longe
1127 2202 1462 2269 maximum
1505 2202 1796 2269 existere.

647 2401 655 2409 .
710 2323 881 2387 Inter
934 2320 1083 2387 alias
1138 2322 1367 2387 multas
1386 2366 1414 2403 ,
1461 2338 1619 2403 quas
1677 2321 1800 2386 hoc
1851 2336 2016 2386 anno
2059 2320 2186 2403 egit
2207 2366 2234 2401 ‚
2271 2319 2482 2387 causas

626 2434 819 2507 e‘xstat
892 2435 995 2503 illa
1021 2480 1046 2518 ,
1130 2454 1313 2519 quam
1401 2455 1520 2519 pro
1599 2435 1688 2523 Q.
1765 2434 2092 2503 Roscio
2173 2435 2483 2503 comoedo

628 2553 811 2624 dixit.
898 2550 1107 2639 Cujus
1146 2552 1556 2620 familiaritate
1598 2552 1749 2621 Cic
1769 2569 1848 2619 er
1868 2571 1909 2618 o
1965 2572 2076 2637 per
2111 2556 2346 2623 multos
2377 2573 2489 2623 an·

628 2690 751 2741 nos
789 2669 1111 2763 fruebatur
1136 2718 1160 2752 ‚
1206 2686 1268 2737 et
1306 2690 1341 2737 a
1374 2688 1558 2753 qu0‚
1607 2669 1703 2735 uti
1753 2668 1935 2735 etiam
1975 2668 2053 2735 ab
2089 2668 2266 2735 Aes
2273 2689 2480 2755 ope,

627 2787 1077 2877 tragoediarum
1120 2801 1329 2854 actore
1358 2787 1477 2873 (ι)
1503 2832 1528 2867 ,
1575 2786 1781 2853 omnia
1801 2832 1826 2867 ,
1871 2804 2032 2869 quae
2057 2786 2136 2853 ad
2173 2786 2480 2855 actionem

626 2926 1001 2991 omnemque
1044 2904 1333 2989 corporis
1381 2904 1646 2986 figuram
1703 2918 1766 2969 et
1803 2902 2086 2971 habitum
2127 2886 2478 2987 pertine‘rst,

578 3024 584 3032 '
626 3027 847 3093 didicit
912 3022 1057 3113 (3).
1148 3021 1401 3089 Etenim
1431 3067 1454 3099 ‚
1538 3039 1682 3089 cum
1743 3036 2006 3103 uterque
2070 3022 2137 3087 in
2199 3022 2305 3089 sua
2350 3035 2484 3089 arte

628 3145 997 3225 excelleret,
1040 3140 1219 3207 Ros
1244 3139 1438 3205 cius
1477 3152 1686 3207 tamen
1721 3138 1808 3205 im
1851 3140 1926 3205 ab
1967 3137 2260 3207 omnibus
2312 3136 2490 3207 aesti-

2357 3274 2486 3325 ma·

694 3508 789 3573 (1)
818 3507 1024 3555 Brutus
1042 3538 1063 3565 ,
1094 3518 1180 3567 9²·

693 3598 789 3667 (2)
818 3599 989 3652 rint.
1022 3602 1061 3651 l.
1090 3602 1131 3651 l.
1170 3602 1220 3651 6.
1254 3601 1331 3647 De
1370 3598 1530 3647 Orat.
1567 3595 1609 3648 Ι.
1642 3598 1697 3647 6.

694 3698 788 3766 (3)
820 3700 1023 3757 Plut.,
1067 3698 1108 3747 l.
1151 3696 1192 3747 1.
1238 3706 1333 3755 pro
1382 3692 1627 3751 Archia,
1673 3692 1738 3743 V.
1776 3694 1828 3740 8.
1879 3690 1956 3737 De
2015 3688 2170 3739 one.
2209 3688 2253 3738 t.
2319 3702 2382 3752 ⁸7
2435 3702 2498 3741 et

634 3804 720 3851 αθ.
755 3793 845 3846 ubi
883 3792 1120 3855 legimur.
1180 3823 1225 3852 ‚,
1256 3790 1434 3850 unque
1473 3788 1572 3837 hoc
1602 3784 1705 3844 iam
1729 3784 1818 3834 diu
1856 3795 1934 3834 est
1973 3783 2272 3834 consecutus
2297 3816 2316 3844 ,
2349 3795 2408 3834 ut
2437 3783 2496 3835 in

634 3906 741 3957 qno
768 3890 984 3954 quinque
1008 3884 1223 3939 artificio
1254 3885 1539 3935 excelleret
1555 3914 1574 3943 ,
1591 3880 1644 3931 in
1682 3880 1776 3932 suo
1802 3890 1989 3943 genere
2026 3878 2075 3929 R
2093 3876 2323 3931 otcius
2352 3877 2496 3931 dice-

630 3984 833 4041 retur-’⁸
862 3982 951 4037 Cf·
986 3983 1191 4032 Brutus
1208 4004 1233 4043 ι
1260 3986 1342 4042 84·
