2809 4992
819 480 1594 555 MEDICA
2072 499 2163 568 ιγ

295 682 406 738 ret.
435 668 610 736 enirn
669 666 948 752 genuino
1005 662 1277 731 febrium
1329 666 1701 733 larvatarum
1772 654 2155 737 charactere.

293 788 460 857 Nam
511 788 658 853 hoc.
703 784 770 849 in
820 800 974 849 casu
1009 779 1334 846 manifesta
1369 780 1531 847 ratio
1586 785 1759 849 adest
1800 786 1964 851 inter
2014 786 2159 869 ple-

289 904 536 971 thomn
585 897 874 983 cotporis
925 896 1336 967 universalem
1359 945 1384 981 ,
1429 912 1489 963 et
1551 899 1713 967 inter
1752 919 1965 971 motus
2013 904 2159 971 vio-

285 1024 500 1089 lentos
601 1014 800 1085 febris
905 1034 1298 1100 commotae,
1392 1016 1561 1083 unde
1580 1062 1605 1098 ‚
1692 1020 1833 1083 talia
1916 1020 2155 1105 ingrata

280 1150 707 1222 symptomata
759 1133 942 1203 facile
997 1136 1417 1221 explicantur.
1523 1130 1695 1200 Haec
1750 1148 1952 1199 autern
2025 1138 2157 1216 ple-

281 1254 510 1333 thora,
595 1248 802 1319 eadem
878 1267 1300 1338 symptomata
1380 1270 1577 1335 aeque
1634 1250 1819 1319 facile
1872 1266 2105 1319 crearet
2127 1300 2154 1335 ,

285 1374 348 1439 si
429 1372 554 1439 hoc
614 1370 1004 1441 individuum
1093 1370 1298 1455 epulis
1367 1368 1741 1437 lautioribus
1806 1390 1877 1441 se
1938 1372 2109 1437 daret
2127 1360 2164 1453 ,'

281 1504 400 1558 aut
479 1490 670 1558 animi
753 1487 1218 1577 pathematibus
1299 1486 1788 1571 percellentibus
1874 1485 2179 1575 ἰιιείιιῐςο-1

293 1623 414 1681 tet.

937 1838 1318 1931 Exemplum
1397 1840 1517 1909 m.

362 2070 632 2160 juvenis
708 2092 790 2139 αα,
880 2086 1184 2137 annorum
1205 2116 1230 2154 ,
1331 2069 1625 2154 corporis
1709 2069 1946 2139 fabrica
2029 2090 2168 2159 gra·

290 2186 402 2257 cili
425 2236 452 2274 ,
543 2187 999 2255 constitutione
1097 2202 1346 2271 tenera,
1465 2190 1633 2255 collo
1725 2189 1945 2273 tenui,
2027 2192 2174 2257 lon-

297 2324 430 2391 go,
515 2298 770 2373 thorace
868 2320 1138 2386 angusto
1218 2277 1466 2390 plano',
1568 2307 1848 2391 scapulis
1935 2309 2181 2392 promi«

295 2422 597 2493 uentibus
627 2468 653 2505 ‚
751 2424 984 2495 alarum
1051 2420 1252 2493 forma
1331 2426 1721 2493 exstantibus
1745 2473 1770 2508 ,
1864 2444 2170 2495 vasorum

297 2556 612 2609 structura
671 2556 921 2623 tenera,
1005 2543 1219 2607 colore
1261 2540 1443 2608 faciei
1498 2544 1790 2609 universe
1848 2544 2115 2611 candido
2137 2593 2164 2628 ,

301 2680 448 2727 cum
488 2660 664 2741 genis
703 2658 911 2725 rubris
936 2704 961 2736 ‚
1004 2667 1111 2723 aut
1161 2657 1767 2721 subrubescentibus
1790 2702 1813 2735 ‚
1860 2654 2037 2722 febre
2066 2662 2172 2724 in-

301 2772 682 2843 termittente
749 2770 1090 2853 corripitur
1112 2817 1136 2851 ‚
1217 2770 1423 2835 valido
1494 2769 1749 2855 frigoris
1830 2770 2034 2837 stadio
2109 2771 2176 2839 in

299 2892 606 2959 choante.
713 2887 848 2956 Sub
891 2888 1036 2971 ipso
1081 2885 1274 2954 febris
1329 2906 1757 2972 paroxysmo‚
1821 2887 2175 2969 peripheria

307 3008 602 3092 corporis
634 3008 700 3074 in
739 3006 1162 3073 vehemmtem
1207 3004 1439 3088 algoris
1488 3020 1718 3070 statum
1772 3019 2175 3087 transeunte,

311 3126 565 3212 sanguis
628 3144 664 3192 e
715 3122 1070 3211 peripheria
1125 3134 1407 3188 centrum
1470 3141 1692 3189 versus
1748 3124 2172 3209 propellitur3

307 3244 474 3313 unde
536 3244 738 3311 oritur
794 3240 1056 3309 irritatio
1117 3240 1392 3325 pectoris
1420 3288 1444 3323 ,
1504 3240 1683 3307 levis'
1721 3240 2065 3327 tussicula,
2110 3242 2176 3311 in

309 3364 606 3447 majorem
635 3362 942 3428 transiens
965 3406 989 3441 ,
1035 3378 1220 3441 quam
1261 3372 1495 3443 sponte
1538 3358 1897 3441 insequitur
1931 3363 2183 3447 sangui-

309 3478 416 3547 nis
445 3496 480 3543 e
510 3478 685 3542 molli
719 3480 1016 3560 pulmone
1052 3476 1218 3561 larga
1251 3477 1528 3561 rejectio.
1574 3477 1679 3543 Ad
1716 3495 2046 3558 quamnam
2086 3475 2187 3541 fe-

309 3592 520 3661 brium
559 3590 1103 3660 intermittendum
1135 3594 1403 3677 speciem
1436 3586 1584 3657 hae‘c
1622 3590 1871 3658 affectio
1896 3610 1990 3659 est
2018 3592 2181 3661 refe·

309 3708 550 3781 rende?
584 3708 858 3778 Omnino
889 3712 966 3779 ad
998 3706 1235 3778 febrem
1275 3708 1782 3785 intermittentem
1818 3710 2173 3781 comitatam
2224 3742 2233 3749 ·

309 3847 446 3898 non
476 3846 626 3896 vero
655 3828 733 3895 ad
765 3804 1098 3913 larvatam{
1118 3847 1330 3913 neque
1359 3828 1789 3913 subsequente
1824 3828 2013 3897 altera
2032 3830 2179 3901 hae·

297 3948 574 4037 mopso&
597 3928 814 4019 ‘altero
845 3944 1044 4021 febru
1094 3964 1511 4052 paroxysmoq
1564 3943 1783 4017 Nim'n
1812 3946 1984 4019 enim
2016 3966 2190 4019 eon-
2300 3994 2323 4021 .

2066 4062 2179 4134 otl-
