2809 4992
853 472 932 540 M
1014 474 1074 541 E
1161 474 1224 540 D
1309 474 1342 543 1
1424 472 1483 541 C
1567 477 1654 543 A.
2114 496 2195 563 η

419 654 816 723 Medicus
855 669 1060 719 autern
1103 658 1247 721 loco
1297 656 1493 722 citato
1542 660 1693 724 haec
1742 656 1973 726 habet:
2039 704 2083 743 „
2119 658 2198 726 In

339 816 379 855 „
421 772 755 838 intervallo
805 771 1078 835 obtusus
1134 771 1358 852 capitis
1415 773 1597 837 dolor
1615 821 1639 855 ‚
1700 776 1901 843 totius
1965 794 2196 860 corpo-

332 932 376 972 „
416 890 505 953 ris
565 890 830 968 languor
899 897 1090 969 atque
1161 884 1549 952 imbecillitas
1571 934 1595 969 ,
1681 908 1822 957 cum
1886 893 2197 987 anxietate

335 1050 379 1090 „
421 1022 643 1088 aegros
690 1001 1022 1086 tenebant;
1093 1001 1468 1068 videbantur
1526 1017 1730 1069 tamen
1784 1009 2193 1079 nihilominus

331 1168 378 1206 „
415 1121 614 1188 refici.
719 1122 900 1187 Alter
965 1138 1342 1204 paroxymus
1402 1120 1612 1203 priore
1658 1134 1785 1185 erat
1836 1119 2065 1189 fortior
2124 1147 2195 1191 ac

335 1286 380 1323 ,‚
419 1240 657 1324 potior.
779 1238 852 1304 In
905 1256 1136 1321 sopore
1159 1286 1183 1321 ,
1268 1238 1447 1303 nullo
1504 1240 1957 1323 propemodum
2008 1244 2197 1309 modo

335 1403 382 1443 „
423 1370 712 1443 poterant
769 1352 1068 1437 excitari,
1113 1358 1519 1439 ronchusque
1561 1356 1768 1425 aderat
1806 1376 1951 1423 cum
1990 1358 2199 1427 anxie-

335 1520 382 1558 „
421 1486 549 1540 tate
601 1493 671 1540 ac
711 1473 1122 1555 deglutitione
1174 1477 1336 1540 laesa
1357 1520 1382 1555 ,
1427 1473 1765 1559 linguaque
1808 1474 2017 1543 minus
2082 1495 2199 1544 vo-

331 1636 376 1675 „
418 1590 642 1672 lubili,
685 1589 950 1673 inquieti
994 1588 1170 1657 erant
1219 1591 1433 1675 aegri,
1496 1610 1567 1657 ac
1628 1594 1955 1679 apoplexia
2012 1594 2199 1661 tactis

332 1751 376 1791 „
416 1707 652 1773 similes
714 1706 1306 1789 conspiciebantur,
1377 1708 1576 1773 oculis
1643 1709 1873 1791 apertis
1898 1756 1923 1791 ‚
1987 1708 2193 1779 torvis

325 1874 372 1907 „
410 1844 502 1891 ac·
543 1824 684 1891 fixis
745 1839 1008 1905 totaque
1059 1822 1250 1889 facies
1321 1824 1593 1906 spastice
1653 1826 2193 1907 distorquebatur.

328 1988 374 2026 ‚,
418 1941 677 2007 Tertius
727 1958 1144 2023 paroxysmus
1195 1938 1531 2022 apparebat
1583 1959 1817 2021 sopore
1839 1989 1865 2021 ‚
1930 1944 2197 2009 horrore

329 2100 374 2139 ,‚
417 2053 699 2138 insigni,
767 2055 1007 2119 roncho
1027 2102 1052 2134 ,
1139 2053 1407 2135 querelis
1466 2073 1537 2119 ac
1601 2054 1835 2121 delitiis
1895 2073 2010 2121 nec
2061 2074 2195 2123 non

327 2219 372 2255 „
415 2170 680 2254 spasmis
722 2190 792 2237 ac
837 2169 1362 2237 convulsionibus
1423 2170 1693 2255 stipatus
1718 2216 1743 2256 ,
1796 2170 1891 2239 uti
1936 2169 2005 2239 in
2060 2170 2195 2258 epi-

328 2334 373 2375 „
414 2288 609 2375 lepsia
651 2288 974 2356 interdum
1013 2289 1058 2321 ”
1095 2287 1240 2374 (1).

581 2554 656 2610 y.
743 2524 1170 2615 symptomata
1211 2541 1405 2594 extra
1443 2543 1913 2614 paroxyrmum·

401 2758 792 2839 Paroxysmo
844 2754 1139 2819 absoluto
1202 2773 1383 2837 aeger
1436 2755 1854 2838 expergiscit,
1904 2768 1967 2823 et
2024 2756 2185 2828 bene

321 2872 536 2943 multis
577 2872 646 2937 in
677 2868 932 2937 casibus
973 2868 1088 2947 fit,
1136 2882 1208 2933 ut
1244 2885 1426 2950 aeger
1463 2871 1657 2937 hocce
1703 2884 1987 2956 ternpore
2030 2892 2187 2958 apy-

319 2990 516 3057 tetico
540 2987 700 3054 nihil
736 2986 1002 3067 amplius
1023 2984 1102 3051 ab
1122 2980 1453 3051 affectione
1494 2987 1881 3069 apoplectica
1916 2988 2183 3073 sentiat,

319 3112 432 3177 sed
473 3124 738 3193 prorsus
778 3104 975 3171 valeat
997 3150 1020 3186 ‚
1065 3102 1192 3169 imo
1245 3099 1563 3187 perfecte,
1606 3120 1806 3186 aeque
1846 3123 1919 3172 ac
1967 3106 2034 3172 in
2088 3105 2185 3175 fe-

2047 3224 2179 3293 bris

377 3388 468 3453 (1)
499 3387 580 3436 De
605 3386 702 3435 hac
732 3392 904 3433 nostre
941 3378 1090 3429 febre
1120 3378 1491 3431 intermittente
1528 3381 1685 3443 igitur
1712 3384 1849 3435 valet
1882 3384 1973 3435 1111
1998 3386 2182 3437 summ!

315 3480 730 3532 Boerhnvu
753 3476 1020 3536 deffinitio,
1055 3488 1200 3537 qnam
1229 3477 1296 3527 de
1330 3477 1599 3539 apoplexia
1625 3479 1801 3531 effatus
1831 3492 1937 3531 ests
1972 3512 2013 3540 ,‚
2039 3479 2181 3540 quod

315 3608 360 3641 „
391 3571 460 3623 sit
503 3570 728 3634 privatio
767 3572 994 3621 omnium
1031 3584 1266 3623 sensuum
1306 3582 1665 3633 externorum,
1699 3582 2031 3631 motuumque
2070 3582 2181 3621 orn·

314 3704 362 3735 ‚,
394 3667 536 3719 niun
566 3666 792 3728 oblatio,
826 3665 1100 3727 superstite
1140 3670 1324 3729 pulsu,
1353 3678 1413 3716 ut
1447 3665 1717 3725 plurimum
1754 3664 1881 3714 forti
1924 3676 1981 3713 et
2014 3664 2177 3727 respi-

320 3797 364 3829 „
392 3761 590 3813 ratione
634 3774 805 3823 magns
845 3772 900 3812 et
936 3760 1165 3825 difficili,
1223 3773 1445 3843 semper·
1464 3772 1631 3810 temen
1664 3772 1779 3807 curn
1818 3770 2039 3809 stertere
2080 3774 2176 3814 un·

317 3890 362 3923 ,0
393 3868 596 3919 semper
625 3868 770 3919 ,eum
791 3868 971 3910 tomo
1009 3854 1483 3919 protunda-inoffi

315 3984 350 4001 ..
385 3952 479 4005 cf.
511 3952 940 4015 noerhaeve,
973 3952 1172 4005 Proser
1217 3952 1438 4003 sedeone
1470 3960 1611 4012 perte
1644 3962 1703 4013 4.
1736 3960 1850 4013 με.
1878 3960 1991 4013 ann.

1234 4042 1287 4112 B
