2809 4992
649 468 744 537 26
1035 449 2173 533 COMMENTATIO

595 634 602 645 “
637 649 760 726 ita,
835 654 909 709 ut
963 640 1161 727 prima
1213 635 1429 703 fronte
1472 638 1763 703 crederes
1814 656 1888 703 re
1939 654 2091 705 vera
2139 640 2231 707 hie
2274 642 2505 711 adesse

635 762 894 831 Febrem
948 759 1197 825 interm.
1261 754 1578 838 apoplect.
1644 754 1992 838 larvatam3
2082 758 2193 842 jam
2238 760 2501 835 verosi

635 882 752 949 hac
781 877 938 945 falsa
972 872 1257 957 diagnosi
1297 872 1493 957 hujus
1529 868 1886 937 affectionis
1945 874 2184 941 curatio
2229 874 2502 942 institui-

633 998 786 1080 tur,
819 996 888 1060 in
919 989 1258 1075 perniciem
1300 988 1681 1073 aegrotantis
1724 986 1905 1055 facile
1946 992 2148 1058 tendit
2186 994 2497 1076 medicus,

633 1132 780 1181 nam
839 1112 896 1176 si
956 1107 1318 1191 respiciatur
1377 1106 1511 1170 sola
1583 1104 1687 1171 illa
1740 1086 1992 1172 affectio
2056 1104 2305 1177 febrilis
2330 1160 2359 1195 ‚
2399 1129 2504 1193 et,

637 1230 824 1299 finito
883 1244 1271 1314 paroxymo,
1333 1222 1639 1289 continuo
1700 1224 1779 1289 ad
1837 1226 2043 1291 solum
2104 1246 2299 1293 usum
2350 1242 2504 1296 cort.

639 1366 867 1436 peruv.
915 1341 1353 1426 confugiatur,
1391 1339 1573 1406 facile
1619 1340 1957 1425 negligitur
1994 1362 2061 1408 ea
2096 1363 2295 1427 cura,
2324 1364 2503 1429 quam

531 1536 538 1565 ‚
639 1464 971 1547 requirunt
1023 1460 1347 1543 gravitates
1401 1456 1831 1542 congestionis
1894 1472 1957 1523 et
2009 1460 2303 1543 corporis
2360 1480 2511 1527 con·

639 1582 912 1650 stitutio.
1004 1580 1074 1644 In
1123 1577 1310 1661 huJus
1355 1576 1565 1641 morbi
1610 1574 1918 1658 imagine,
1960 1596 2143 1657 quam
2188 1580 2269 1642 ad
2326 1579 2505 1645 illus-

639 1696 965 1764 trationem
1001 1692 1376 1779 argumenti
1442 1693 1798 1777 proposui,
1856 1691 2254 1759 inveniuntur
2316 1694 2503 1781 ,adeo

636 1826 884 1899 apertae
953 1810 1559 1897 praedispositiones
1613 1814 1691 1879 ad
1752 1810 2120 1895 apoplexiam
2148 1856 2176 1892 ‚
2250 1825 2323 1877 ut
2384 1810 2501 1879 hic

642 1952 828 1999 casua
842 1976 868 2013 ‚
911 1946 1204 2012 tanquam
1237 1929 1427 1996 Febr.
1467 1930 1716 1995 interm.
1762 1931 2075 2014 apoplect.
2108 1930 2351 1996 larvata
2386 1928 2513 1995 mi·

645 2050 816 2118 nime
858 2047 1143 2133 dignosci
1203 2060 1266 2112 et
1319 2047 1521 2111 curari
1580 2060 1823 2129 posset.
1944 2046 2301 2131 congestio
2358 2046 2527 2113 enim

647 2167 970 2252 sanguini‘s
1017 2164 1120 2231 hic
1159 2163 1362 2231 oritur
1386 2211 1411 2246 ,
1455 2164 1629 2247 quod
1677 2182 1903 2247 nempe
1957 2164 2025 2230 in
2084 2165 2290 2231 stadio
2332 2162 2524 2231 febri-

645 2284 696 2351 li
755 2281 1007 2366 frigoris
1027 2328 1055 2364 ‚
1129 2283 1427 2347 humores
1482 2300 1520 2347 a
1578 2282 1965 2365 pheripheria
2021 2281 2323 2347 interiora
2388 2302 2526 2348 ver-

649 2418 764 2467 sus
823 2397 1063 2484 repulsi
1107 2414 1242 2466 eam
1287 2397 1413 2463 sibi
1476 2396 1633 2464 viam
1668 2396 1938 2481 eligant,
1986 2415 2147 2478 quae
2180 2398 2295 2464 ine
2320 2416 2512 2481 pree-

649 2514 1072 2601 dispositione
1127 2512 1463 2579 manifesta
1498 2512 1577 2578 iis
1630 2526 1823 2594 patet.

1303 2746 1682 2835 Exemplum
1768 2746 1855 2814 11.

735 2977 956 3043 Homo
997 2968 1280 3041 florentis
1339 2972 1603 3052 aetatis,
1657 2972 1963 3055 sanguine
2010 2975 2284 3056 repletus
2306 3020 2333 3056 ,
2402 2972 2519 3041 Fe·

599 3158 608 3169 ,
651 3091 762 3155 bre
823 3089 1276 3157 intermittente
1328 3088 1594 3173 benigna
1614 3135 1639 3170 ,
1682 3090 1960 3171 vernali,
2026 3090 2286 3157 diathesi
2322 3093 2511 3173 phlo-

653 3206 873 3293 gistica
894 3206 1111 3290 juncta
1135 3256 1160 3291 ‚
1210 3206 1541 3289 affiicitur3
1590 3205 1656 3271 in
1700 3226 1821 3288 qua
1858 3207 2018 3271 haud
2058 3224 2190 3271 raro
2228 3207 2501 3292 accidit,

653 3338 728 3393 ut
776 3322 842 3389 in
879 3343 1259 3408 paroxysmo
1316 3324 1529 3391 febrili
1554 3371 1581 3406 ,
1645 3342 1859 3409 magna
1916 3322 2227 3404 sanguinis
2268 3342 2505 3409 versus

649 3457 840 3528 caput
905 3439 1137 3507 oriatur
1195 3441 1531 3521 congestio
1554 3486 1585 3522 ,
1624 3460 1785 3523 quae
1840 3455 1935 3507 sat
1984 3438 2193 3506 vaiidae
2248 3456 2399 3523 eet,-
2434 3458 2511 3511 ut

651 3578 945 3646 soporem
1000 3556 1436 3643 profundum,
1524 3557 1653 3623 imo
1708 3574 1778 3625 et
1820 3559 2187 3643 apoplexiae
2236 3556 2507 3641 speciem

652 3692 928 3764 generet.
2004 3733 2013 3741 .
2514 3670 2521 3675 ’

737 3798 908 3863 Hinc
960 3790 1143 3861 facile
1211 3791 1583 3875 intelligitur
1649 3793 1832 3859 etiam
1875 3792 2041 3859 hunc
2108 3810 2323 3861 casum
2379 3802 2527 3885 non]

652 3904 876 3975 referri
923 3910 1161 4003 ‘mereri
1197 3910 1284 3981 aa
1311 3908 1547 4025 Festos
1593 3911 1861 3981 larvata
1900 3910 2327 3996 moniacam
2346 3934 2389 3996 9
2414 3932 2517 3983 ευ

2414 4038 2515 4093 ret
