2809 4992
610 431 1655 502 APPENDIX·
1948 459 2069 522 127

216 639 339 694 tas.
425 619 648 702 Atque
695 615 836 683 ideo
891 629 1036 680 cum
1077 630 1150 678 ea
1185 613 1284 678 die
1321 615 1519 682 levior
1568 632 1811 685 tantum
1863 637 2069 687 acces·

216 741 322 814 sio
389 736 530 806 fieri
609 728 1046 800 consuevisset
1074 775 1100 811 ,
1205 732 1453 812 speravi
1546 737 2077 806 continuationem

223 854 478 928 remedii
551 867 748 934 posse
819 847 1198 931 tempestive
1269 847 1569 933 impedire
1636 870 2076 940 paroxysmum

224 972 574 1060 gaviorem
615 981 807 1050 atque
845 966 1206 1052 adjunctum
1249 984 1573 1050 soporem.
1657 967 1883 1036 Tertio
1926 995 2087 1056 quo..

223 1108 352 1177 que
397 1087 500 1156 dic
522 1133 548 1169 ,
593 1103 668 1154 ut
707 1103 862 1153 mox
911 1082 1194 1150 intellexi
1244 1083 1461 1166 aliquo
1516 1084 1708 1154 modo
1764 1086 1947 1153 etiam
1984 1109 2095 1156 an.

224 1223 326 1278 tea
382 1221 698 1274 recurrere
739 1200 1026 1268 solitum.
1113 1197 1237 1266 Sed
1285 1204 1361 1268 ea
1420 1200 1557 1285 ipsa
1614 1200 1714 1268 die
1766 1205 2097 1270 vehemen-

232 1340 332 1394 ter
401 1325 604 1392 adhuc
679 1318 847 1390 facta
914 1333 1012 1385 est
1073 1318 1461 1385 exacerbatio
1484 1366 1508 1402 ,
1592 1339 1738 1387 cum
1815 1323 2095 1391 motibus

234 1441 627 1511 convulsivis
676 1453 740 1506 et
789 1438 1072 1522 lethargo
1149 1435 1419 1504 fortiore
1442 1481 1465 1518 ,
1550 1437 1637 1504 ita
1689 1451 1761 1504 ut
1814 1455 1930 1508 nec
1986 1461 2101 1524 per

233 1561 604 1645 capillorum
659 1554 1092 1637 evulsionem,
1132 1571 1248 1620 nec
1277 1561 1390 1638 'per
1426 1554 1605 1623 aliam
1647 1575 2107 1642 quamcumque

235 1676 619 1747 dolorificam
679 1675 806 1742 vim
865 1672 1094 1739 illatam
1137 1671 1541 1752 responderet
1562 1717 1587 1754 ‚
1630 1673 2053 1742 dimovet-etur
2078 1725 2104 1760 ,

237 1808 350 1864 aut
394 1795 619 1860 oculos
675 1791 966 1872 aperiret.
1099 1785 1290 1852 Tunc
1342 1805 1487 1853 vere
1547 1791 1779 1856 credidi
1841 1807 2103 1859 mortem

239 1906 563 1976 imminere
617 1905 854 1970 cortice
921 1918 1066 1969 ante
1121 1903 1350 1986 paucas
1422 1903 1609 1969 horas
1685 1903 1901 1972 oblato
1924 1954 1948 1990 ,
2028 1911 2107 1974 ad

247 2041 380 2094 eam
442 2019 888 2107 impediendam
911 2065 938 2101 ,
1017 2019 1184 2086 haud
1258 2018 1409 2087 satis
1492 2020 1723 2088 idoneo
1748 2067 1774 2105 ,
1852 2037 2113 2109 propter

244 2139 538 2212 viciniam
607 2137 926 2206 insolitam
943 2182 969 2220 ,
1055 2133 1370 2203 insolitam
1448 2138 1895 2205 vehementiam
1964 2141 2115 2208 talis

251 2254 672 2338 accessionis,
717 2252 838 2322 etsi
873 2253 1112 2336 alioqui
1167 2254 1368 2339 major
1420 2253 1645 2322 Febris
1696 2257 1988 2324 accensio
2036 2259 2115 2324 ab

253 2391 443 2463 epota
472 2377 658 2445 china
699 2373 885 2442 china
923 2388 1374 2454 nonnunquam
1410 2371 1781 2456 contingens
1819 2373 1885 2438 in
1927 2375 2115 2442 bonis

245 2491 458 2561 haberi
516 2493 682 2559 solet
703 2537 729 2573 ‚
793 2488 876 2557 ab
943 2487 1346 2569 auctoribus,
1414 2489 1587 2570 quod
1646 2503 1709 2556 et
1774 2492 1913 2574 ipse
1981 2512 2111 2560 non

249 2610 443 2675 semel
477 2605 836 2670 observavi.
919 2603 1222 2683 Repetito
1275 2603 1396 2665 sub
1438 2605 1799 2670 accessione
1825 2653 1849 2689 ,
1901 2609 2116 2675 debito

257 2721 449 2792 modo
494 2721 621 2786 sale
667 2715 924 2784 volateli
957 2713 1243 2798 viperino
1299 2715 1731 2785 administrato
1769 2735 1832 2785 et
1868 2725 2125 2808 coadiu-

262 2854 447 2916 vante
488 2851 708 2906 natura
755 2832 1017 2920 juvenili
1061 2831 1362 2914 robusta,
1422 2833 1723 2902 sustinuit
1778 2837 1887 2904 ille
1915 2858 2129 2908 revera

261 2957 519 3028 eandem
579 2951 996 3022 accessionem
1024 2998 1048 3034 ,
1123 2951 1190 3016 in
1265 2953 1448 3036 cujus
1509 2973 1851 3037 progressu
1920 2957 2127 3040 aliqua

263 3071 428 3142 facta
477 3083 575 3138 est
623 3067 876 3154 soporis
939 3065 1300 3134 diminutio.
1384 3067 1719 3152 Propterea
1772 3072 1981 3138 statim
2036 3095 2133 3142 re·

257 3189 498 3276 petitus
567 3200 665 3255 est
735 3199 956 3254 cortex
1009 3187 1088 3252 ad
1169 3184 1414 3252 unciam
1476 3192 1529 3272 β
1588 3189 1826 3272 duplici
1902 3193 2131 3262 haustu

265 3305 586 3389 febrisque
635 3317 788 3387 post
835 3303 1082 3387 aliquot
1141 3301 1326 3370 horas
1377 3321 1523 3370 cum
1582 3303 1865 3392 lethargo
1921 3311 2133 3375 remit-

269 3439 402 3492 tere
457 3420 692 3504 coepit.
779 3420 948 3487 Cum
999 3420 1764 3505 vero-appropinquasset
1806 3425 1956 3490 hora
2000 3443 2138 3508 gra-

265 3540 464 3612 vioris
540 3555 832 3608 accessus
853 3583 878 3620 ,
967 3555 1090 3619 qua
1155 3536 1394 3604 obitum
1458 3537 1629 3604 illius
1690 3538 1811 3605 sibi
1864 3541 2137 3608 nuntiari

269 3657 590 3732 metuebat
631 3651 1160 3739 exspectabatque
1209 3654 1525 3739 trepidans
1566 3651 1785 3721 afflicta
1826 3657 2093 3740 genitrix
2110 3705 2133 3740 ,

268 3779 424 3859 loco·
460 3793 659 3844 novae
703 3771 1077 3840 accessionis
1100 3815 1127 3853 ,
1167 3774 1364 3858 major
1420 3771 1711 3855 apparuit
1752 3773 1977 3838 veteris
2028 3775 2136 3839 de-

273 3892 530 3960 clinatio
555 3937 580 3974 ‚
637 3891 701 3958 in
747 3903 1036 3974 tantum,
1099 3903 1172 3956 ut
1217 3907 1288 3956 ea
1325 3888 1465 3971 ipsa
1510 3888 1611 3955 die
1654 3903 1913 3970 vegetus
1968 3910 2141 3957 men·

2056 4026 2136 4074 tls

2657 4798 2695 4838 A
2742 4779 2747 4838 Ι
