2809 4992
771 476 850 545 M
934 464 995 543 E
1083 461 1408 542 nst-o
1493 472 1644 539 A.·
2045 467 2122 557 ej

230 666 347 737 cit
391 714 418 750 ,
450 664 645 733 solam
709 660 1059 745 producere
1102 655 1341 721 tristem
1393 653 1555 719 mam
1615 666 1976 737 compagem
2029 652 2128 715 di-

222 782 649 851 tissimorum
701 786 1239 859 symptomatum,
1316 788 1476 850 quae
1538 788 1722 852 saepe
1780 768 1904 835 sibi
1947 768 2120 834 ‘invi-

224 918 393 967 cem
458 897 613 963 adeo
672 890 971 975 opposita
1048 900 1224 953 sunt.
1328 884 1505 951 Haec
1560 900 1762 951 autem
1836 900 2130 971 sympto⁴

231 1029 466 1095 mata,
508 1008 870 1095 systematis
934 1002 1149 1073 nervei
1204 1002 1270 1070 vi
1326 1016 1390 1067 et
1459 1002 1704 1069 actione
1777 988 2122 1083 exstinctas,

228 1150 401 1199 cum
465 1128 605 1214 ipsa
654 1140 858 1193 morte
908 1122 1223 1205 disparent
1245 1166 1269 1201 ,
1330 1138 1540 1203 neque
1577 1114 1839 1201 vestigia
1901 1106 2113 1185 eorum

226 1247 639 1338 praesentiae
688 1243 1095 1325 relinquunt3
1180 1254 1327 1303 cum
1388 1236 1597 1319 ipsum
1659 1247 1931 1319 systema
1984 1250 2124 1299 ner·

230 1386 439 1436 veum
472 1362 699 1430 morbo
740 1380 777 1425 a
814 1345 1033 1424 norma
1070 1352 1351 1421 sanitatis
1388 1351 1676 1418 aberrans
1719 1364 1782 1415 et
1823 1348 2000 1415 vaide
2031 1348 2122 1412 ai-

234 1500 521 1553 teratum
547 1530 574 1564 ,
634 1496 768 1545 non
786 1478 979 1543 ‘iutra
1032 1468 1464 1537 informationi
1518 1466 1826 1551 organico
1843 1499 1876 1519 ··
1895 1466 2120 1550 patho·

232 1609 495 1694 10gicae
540 1600 865 1685 indulgere
905 1592 1139 1679 possit.
1300 1572 1307 1577 ’

242 1742 250 1749 ·
332 1724 629 1791 Fortasse
685 1708 1186 1783 inflammationis
1250 1706 1442 1789 signa·
1483 1704 1550 1771 in
1593 1703 1930 1786 encephalo
1971 1702 2124 1786 post

246 1841 575 1911 cadaveris
608 1834 949 1902 sectionem
987 1827 1371 1893 observanda
1398 1824 1464 1887 in
1503 1839 1692 1902 aegro
1728 1820 1926 1887 Febre
1966 1835 2122 1903 apo-

234 1958 514 2046 plectica
550 1952 927 2027 interemto,
972 1963 1156 2027 saepe
1198 1938 1490 2024 explicari
1534 1950 1806 2019 possunt
1852 1951 2124 2015 sequen·

235 2080 297 2145 ti
346 2074 589 2153 modo,
646 2080 724 2133 ut
761 2078 1103 2131 statuamus
1142 2061 1267 2143 jam
1307 2053 1773 2140 praeexstitisse
1809 2051 1875 2119 in
1913 2050 2118 2134 capite
2181 2100 2188 2107 .

233 2190 513 2275 &liquam
536 2235 561 2271 ,
654 2179 901 2250 etiamsi
978 2180 1177 2243 levem
1261 2150 1667 2239 irritationem
1692 2218 1716 2251 ‚
1816 2142 2116 2253 pedeten-

234 2311 363 2381 tim
430 2282 633 2373 febris
679 2298 941 2367 actione·
971 2308 1213 2362 auctam
1237 2339 1261 2374 ,
1324 2308 1387 2357 et
1441 2290 1508 2357 in
1569 2286 2114 2354 inflammationem

230 2424 741 2497 transformatam
762 2416 843 2497 ,·‘
869 2432 946 2478 ex
1006 2428 1131 2491 qua
1206 2407 1450 2473 tandem
1481 2403 1694 2471 ·facile
1769 2400 2111 2487 organismi

228 2542 545 2615 iaesiones
580 2550 644 2602 et
682 2529 921 2615 pseudo
944 2523 1373 2591 -membranae
1408 2520 1821 2603 explicantur.
1868 2518 2124 2605 Quam·v

229 2662 347 2732 diu
390 2668 601 2723 autem
643 2662 853 2713 revera
913 2640 1270 2724 systematis
1324 2636 1533 2701 nervei
1589 2637 1830 2717 integra
1873 2634 2108 2702 fabrica

235 2796 307 2849 et
368 2766 593 2860 agendi
661 2754 1071 2829 rat10⁵nobis
1132 2733 1358 2821 lateant
1385 2800 1410 2833 ,
1453 2748 1737 2818 “tamdiu
1797 2749 2111 2835 eiusmodi

240 2882 665 2964 consideratio
712 2880 909 2945 denso
959 2870 1265 2939 velamine
1302 2882 1462 2935 tecta
1505 2868 1648 2935 erit.

320 3010 565 3079 Natura
598 2996 795 3067 febris
824 2986 1287 3059 intermittentis
1330 2966 1751 3069 apoplecticae
1771 2984 2104 3053 comitatae

242 3127 453 3197 solum
509 3132 606 3185 est
665 3108 1013 3199 quaerenda
1077 3106 1167 3170 in·
1194 3102 1391 3171 febris
1445 3082 1915 3196 inter-mittentis
1960 3093 2117 3169 vul-¹

250 3242 413 3335 garis
464 3250 725 3320 natura,
811 3225 924 3291 sed
970 3240 1129 3305 quae
1182 3217 1578 3287 modificatur
1623 3236 1666 3293 ,a
1709 3215 1905 3301 partis
1931 3196 1966 3297 ,⁹
2040 3217 2110 3293 in

244 3376 429 3447 quam
490 3348 711 3420 morbi
775 3345 1049 3427 impetus
1119 3336 1387 3405 maxime
1463 3336 1592 3401 ruit
1621 3382 1653 3419 ,.
1732 3335 2114 3419 dispositioe

240 3498 323 3549 ne
370 3470 691 3542 morbosa.
820 3458 1089 3545 Quando
1138 3455 1432 3523 nimirum
1469 3453 1566 3519 ·in
1631 3451 1827 3519 febris
1897 3454 2114 3518 stadio‘

240 3588 495 3680 frigoris
535 3582 695 3671 (ι),
775 3574 1103 3661 congestio
1152 3571 1475 3660 sanguinis
1512 3572 1724 3636 locum
1781 3568 1968 3633 habet
2027 3568 2093 3633 in

1995 3685 2101 3753 illa

308 3866 396 3933 (ι)
428 3862 575 3914 Nou
591 3856 728 3908 enlm
755 3868 835 3905 tes
862 3864 970 3912 est,
1004 3848 1160 3912 illos,
1201 3848 1291 3912 qui
1328 3851 1446 3898 nere
1482 3844 1748 3907 frigidiore
1775 3845 2098 3907 peregrinan-

244 3980 321 4020 tut
337 3958 732 4031 ..somnolentos
756 3948 871 4001 fleri
902 3946 1151 4010 primum,
1175 3956 1327 4005 atque
1348 3942 1391 3993 si
1419 3944 1534 3992 huic
1557 3954 1740 3992 somno
1768 3942 2054 4003 indulgeam
2071 3956 2120 3999 ,-

1096 4040 1148 4108 F
1192 4060 1230 4106 a
1987 4038 2094 4087 etz·
