2809 4992
670 564 745 631 μ
1068 532 2200 613 COMMENTATIO

662 742 821 795 cunt
844 726 1191 795 ’turio'hesa
1265 723 1557 794 Proxima
1619 738 1772 804 ergo
1795 768 1820 805 ‚
1887 723 1984 790 uti
2045 740 2237 809 supra
2285 724 2536 797 dietum

650 850 800 932 est,
840 846 1135 915 affinitate
1168 862 1309 909 cum
1350 840 1429 909 iis
1467 842 1846 925 junguntur.
1933 840 2164 923 Neque
2222 856 2428 911 tamea
2457 844 2542 913 in

660 966 819 1035 soiis
864 958 1210 1029 tuberculis
1263 976 1477 1023 verum
1531 956 1712 1023 etiam
1770 976 1848 1023 ex
1903 956 2215 1025 radicibus
2259 960 2526 1027 aliarum

648 1081 1008 1168 piantur-um
1068 1072 1434 1160 perennium
1497 1072 1856 1139 immediate
1919 1090 2310 1157 procrescere
2367 1094 2539 1161 pos-

664 1213 845 1270 sunt.
928 1196 1029 1263 De
1060 1191 1142 1259 iis
1189 1204 1392 1257 autem
1431 1188 1706 1257 breviter
1749 1188 1834 1256 ita
1895 1208 2152 1274 agamus
2171 1240 2196 1275 ,
2239 1206 2308 1260 ut
2345 1210 2544 1278 prae-

664 1312 887 1380 missis
918 1308 1105 1377 variis
1120 1320 1450 1375 auctorum
1489 1304 1658 1371 circo
1687 1304 1845 1373 iilos
1883 1306 2354 1379 definitionibus
2369 1357 2396 1395 ,
2433 1310 2545 1381 vi-

662 1433 920 1499 deamus
973 1428 1054 1493 de
1096 1442 1313 1491 eorum
1350 1436 1496 1489 ortu
1532 1436 1596 1486 et
1636 1422 1806 1489 varia
1841 1421 2065 1505 forma.
2461 1464 2473 1472 .

660 1586 669 1593 -
748 1544 976 1629 Quoad
996 1540 1393 1609 definitiones
1411 1538 1776 1625 turionum3
1793 1542 2132 1609 secundum
2151 1542 2211 1609 L
2229 1541 2312 1609 in
2331 1542 2376 1608 k
2395 1544 2524 1628 (r)

662 1663 835 1730 turio
874 1660 1113 1727 dicitur
1152 1658 1259 1725 illa
1298 1674 1441 1741 pars
1481 1659 1752 1749 plantae·
1779 1676 1936 1740 quae
1977 1670 2118 1725 ante
2147 1657 2522 1743 explicatio·

660 1800 803 1848 nem
852 1792 961 1846 aut
1015 1774 1468 1859 diver-gentiam
1503 1770 1806 1841 foliorum
1847 1776 2192 1856 elongatur.
2277 1772 2526 1843 Secun-

662 1896 811 1965 dum
832 1892 1341 1976 Richard(a)
1378 1890 1668 1973 aliosque
1693 1936 1719 1971 ,
1747 1886 1912 1957 turio
1947 1904 2046 1957 est
2083 1910 2324 1976 gemma
2361 1892 2528 1960 sub·

660 2028 939 2081 terranea
970 2014 1311 2097 plantarum
1350 2008 1746 2093 perennium.
1779 2044 1788 2053 ·
1821 2008 2006 2093 Ray
2045 2022 2113 2077 et
2150 2009 2537 2079 Tourne.

662 2130 853 2198 fort
886 2130 1245 2213 Asparagos
1270 2124 1670 2214 (Turiones)
1699 2138 1936 2193 vocant
1975 2142 2252 2209 gemmas
2285 2129 2536 2197 subter-

665 2264 879 2312 raneas
916 2262 1208 2311 carnosas
1251 2257 1316 2308 et
1356 2258 1592 2309 annuas
1619 2242 1964 2326 plantarum
2005 2245 2372 2326 perennium
2411 2248 2528 2315 ino

664 2362 867 2428 stadio
898 2380 1031 2443 quo
1052 2380 1087 2426 e
1106 2376 1267 2427 terra
1304 2374 1673 2444 exsurgunt.
1723 2358 1982 2425 Linna
2001 2378 2141 2425 eus
2170 2378 2284 2443 per
2317 2363 2532 2431 turio.

666 2496 809 2545 nem
836 2476 1127 2561 intelligit
1168 2494 1472 2561 gemmam
1519 2478 1862 2561 plantarum
1893 2476 2252 2558 perennium
2273 2477 2357 2546 ad
2389 2482 2534 2547 coi·

666 2598 797 2660 lum
842 2592 1065 2661 radicis
1094 2594 1277 2659 sitam
1314 2606 1378 2659 et
1417 2610 1495 2661 ex
1537 2610 1660 2675 qua
1697 2592 1902 2659 caules
1941 2606 2180 2659 annuae
2217 2594 2534 2679 originem

662 2710 956 2801 trahunt,
999 2710 1095 2776 uti
1136 2710 1205 2777 in
1252 2708 1603 2778 Helleboro.

748 2826 1065 2895 Turioncs
1120 2824 1189 2893 in
1242 2824 1560 2895 radicibus
1611 2826 1964 2897 formantur
1983 2875 2007 2912 ‚
2051 2829 2296 2913 quando
2341 2832 2525 2915 pian-

663 2961 728 3013 ta
764 2964 1141 3013 marcescere
1176 2943 1397 3028 incipit
1453 2958 1516 3010 et
1555 2946 1796 3015 caudex
1835 2961 2026 3029 atque
2067 2948 2344 3031 reliquae
2384 2968 2528 3034 path

662 3080 761 3131 tes
816 3065 873 3130 ei
916 3064 1312 3131 adhaerentes
1352 3062 1454 3129 vei
1511 3064 1724 3130 nullos
1783 3066 1882 3130 vel
1925 3063 2244 3147 parciores
2297 3084 2520 3135 succos

662 3200 743 3247 ex
794 3178 995 3247 radice
1056 3195 1409 3249 assumunt.
1515 3178 1656 3250 Hoc
1723 3180 2012 3263 inprimis
2071 3196 2356 3267 tempore
2413 3202 2522 3250 au·

662 3296 923 3361 tumnali
961 3275 1371 3379 observatur,
1390 3312 1525 3379 quo
1559 3292 1922 3364 suffrutices
1963 3296 2030 3363 in
2067 3299 2272 3366 radice
2303 3318 2521 3385 peren·

660 3426 775 3475 nes
793 3454 817 3489 ‚
854 3425 1052 3477 novas
1097 3414 1264 3481 vires
1302 3414 1379 3479 ad
1413 3414 1870 3499 vegetationem
1914 3412 2116 3482 futuri
2155 3417 2302 3484 anni
2339 3416 2520 3485 colli·

656 3540 841 3612 gunt.

748 3642 955 3713 Turio
974 3692 998 3730 ,
1042 3646 1249 3729 quoad
1292 3646 1593 3733 originem
1617 3668 2006 3737 squamarum
2053 3668 2266 3719 omnes
2321 3650 2516 3721 babet

2403 3788 2513 3841 va·

726 3932 816 3998 (1)
848 3930 1011 3982 Elem.
1036 3928 1167 3983 Phil·
1194 3930 1313 3983 Bor.
1347 3942 1462 3993 pag.
1499 3944 1607 3984 aro.

726 4026 811 4093 (a)
844 4030 885 4081 1.
912 4030 949 4081 Ι.
978 4040 1092 4088 με.
1122 4032 1229 4087 183.
