<?xml version="1.0" encoding="UTF-8"?>
<!DOCTYPE html PUBLIC "-//W3C//DTD XHTML 1.0 Transitional//EN"
    "http://www.w3.org/TR/xhtml1/DTD/xhtml1-transitional.dtd">
<html xmlns="http://www.w3.org/1999/xhtml" xml:lang="en" lang="en">
 <head>
  <title>
</title>
<meta http-equiv="Content-Type" content="text/html;charset=utf-8" />
  <meta name='ocr-system' content='tesseract 3.04.00' />
  <meta name='ocr-capabilities' content='ocr_page ocr_carea ocr_par ocr_line ocrx_word'/>
</head>
<body>
  <div class='ocr_page' id='page_1' title='image "annalesacademia02unkngoog_0465.png"; bbox 0 0 2809 4992; ppageno 0'>
   <div class='ocr_carea' id='block_1_1' title="bbox 616 426 2130 525">
    <p class='ocr_par' dir='ltr' id='par_1_1' title="bbox 616 426 2130 525">
     <span class='ocr_line' id='line_1_1' title="bbox 616 426 2130 525; baseline -0.004 -22"><span class='ocrx_word' id='word_1_1' title='bbox 616 460 704 525; x_wconf 75' lang='lat'>44</span> <span class='ocrx_word' id='word_1_2' title='bbox 1001 426 2130 502; x_wconf 69' lang='grc' dir='ltr'>οοΜΜΕΝῚ-Λτιο</span> 
     </span>
    </p>
   </div>
   <div class='ocr_carea' id='block_1_2' title="bbox 531 612 2496 3803">
    <p class='ocr_par' dir='ltr' id='par_1_2' title="bbox 531 612 2491 2690">
     <span class='ocr_line' id='line_1_2' title="bbox 687 612 2483 707; baseline 0 -22"><span class='ocrx_word' id='word_1_3' title='bbox 687 616 1068 707; x_wconf 85' lang='lat' dir='ltr'>Quotidiana</span> <span class='ocrx_word' id='word_1_4' title='bbox 1121 612 1505 699; x_wconf 81' lang='lat' dir='ltr'>experientia</span> <span class='ocrx_word' id='word_1_5' title='bbox 1560 612 1815 677; x_wconf 81' lang='lat' dir='ltr'>abunde</span> <span class='ocrx_word' id='word_1_6' title='bbox 1864 613 2057 679; x_wconf 87' lang='lat' dir='ltr'>docet</span> <span class='ocrx_word' id='word_1_7' title='bbox 2082 660 2108 697; x_wconf 89' lang='lat'>‚</span> <span class='ocrx_word' id='word_1_8' title='bbox 2178 634 2298 681; x_wconf 88' lang='lat' dir='ltr'>uno</span> <span class='ocrx_word' id='word_1_9' title='bbox 2334 636 2483 685; x_wconf 82' lang='lat' dir='ltr'>sae-</span> 
     </span>
     <span class='ocr_line' id='line_1_3' title="bbox 603 728 2479 823; baseline -0.007 -19"><span class='ocrx_word' id='word_1_10' title='bbox 603 757 684 823; x_wconf 88' lang='lat' dir='ltr'>pe</span> <span class='ocrx_word' id='word_1_11' title='bbox 735 738 1082 817; x_wconf 86' lang='lat' dir='ltr'>eodemque</span> <span class='ocrx_word' id='word_1_12' title='bbox 1129 734 1234 797; x_wconf 87' lang='lat' dir='ltr'>die</span> <span class='ocrx_word' id='word_1_13' title='bbox 1269 732 1338 797; x_wconf 85' lang='lat' dir='ltr'>in</span> <span class='ocrx_word' id='word_1_14' title='bbox 1381 746 1605 795; x_wconf 87' lang='lat' dir='ltr'>nostro</span> <span class='ocrx_word' id='word_1_15' title='bbox 1642 728 1839 794; x_wconf 86' lang='lat' dir='ltr'>natali</span> <span class='ocrx_word' id='word_1_16' title='bbox 1874 733 2020 797; x_wconf 90' lang='lat' dir='ltr'>solo</span> <span class='ocrx_word' id='word_1_17' title='bbox 2038 736 2253 813; x_wconf 85' lang='lat' dir='ltr'>,·acris</span> <span class='ocrx_word' id='word_1_18' title='bbox 2304 751 2479 802; x_wconf 83' lang='lat' dir='ltr'>tem.</span> 
     </span>
     <span class='ocr_line' id='line_1_4' title="bbox 605 846 2469 939; baseline 0.001 -20"><span class='ocrx_word' id='word_1_19' title='bbox 605 868 908 939; x_wconf 80' lang='lat' dir='ltr'>pestatem</span> <span class='ocrx_word' id='word_1_20' title='bbox 979 868 1048 917; x_wconf 89' lang='lat' dir='ltr'>et</span> <span class='ocrx_word' id='word_1_21' title='bbox 1106 860 1591 932; x_wconf 78' lang='lat' dir='ltr'>temperaturam</span> <span class='ocrx_word' id='word_1_22' title='bbox 1672 846 1758 915; x_wconf 81' lang='lat' dir='ltr'>ita</span> <span class='ocrx_word' id='word_1_23' title='bbox 1834 848 2064 915; x_wconf 87' lang='lat' dir='ltr'>mutari</span> <span class='ocrx_word' id='word_1_24' title='bbox 2086 898 2113 931; x_wconf 92' lang='lat'><strong>,</strong></span> <span class='ocrx_word' id='word_1_25' title='bbox 2196 865 2267 916; x_wconf 89' lang='lat' dir='ltr'>ut</span> <span class='ocrx_word' id='word_1_26' title='bbox 2321 852 2469 921; x_wconf 84' lang='lat' dir='ltr'>licet</span> 
     </span>
     <span class='ocr_line' id='line_1_5' title="bbox 603 964 2463 1055; baseline -0.001 -17"><span class='ocrx_word' id='word_1_27' title='bbox 603 968 916 1038; x_wconf 85' lang='lat' dir='ltr'>matutino</span> <span class='ocrx_word' id='word_1_28' title='bbox 951 978 1241 1049; x_wconf 84' lang='lat' dir='ltr'>tempore</span> <span class='ocrx_word' id='word_1_29' title='bbox 1267 967 1517 1031; x_wconf 88' lang='lat' dir='ltr'>coelum</span> <span class='ocrx_word' id='word_1_30' title='bbox 1556 964 1645 1030; x_wconf 85' lang='lat' dir='ltr'>sit</span> <span class='ocrx_word' id='word_1_31' title='bbox 1676 982 1971 1033; x_wconf 82' lang='lat' dir='ltr'>serenum</span> <span class='ocrx_word' id='word_1_32' title='bbox 1994 982 2058 1033; x_wconf 91' lang='lat' dir='ltr'>et</span> <span class='ocrx_word' id='word_1_33' title='bbox 2092 988 2416 1037; x_wconf 85' lang='lat' dir='ltr'>amoenum</span> <span class='ocrx_word' id='word_1_34' title='bbox 2436 1016 2463 1055; x_wconf 79' lang='lat'>,</span> 
     </span>
     <span class='ocr_line' id='line_1_6' title="bbox 595 1082 2477 1172; baseline -0.001 -16"><span class='ocrx_word' id='word_1_35' title='bbox 595 1086 997 1169; x_wconf 76' lang='lat' dir='ltr'>fulgentibus</span> <span class='ocrx_word' id='word_1_36' title='bbox 1041 1082 1200 1149; x_wconf 85' lang='lat' dir='ltr'>solis</span> <span class='ocrx_word' id='word_1_37' title='bbox 1257 1082 1446 1148; x_wconf 85' lang='lat' dir='ltr'>radiis</span> <span class='ocrx_word' id='word_1_38' title='bbox 1504 1084 1951 1165; x_wconf 81' lang='lat' dir='ltr'>splendescens</span> <span class='ocrx_word' id='word_1_39' title='bbox 2008 1101 2075 1151; x_wconf 86' lang='lat' dir='ltr'>et</span> <span class='ocrx_word' id='word_1_40' title='bbox 2134 1102 2427 1155; x_wconf 82' lang='lat' dir='ltr'>ornatum</span> <span class='ocrx_word' id='word_1_41' title='bbox 2446 1136 2477 1172; x_wconf 83' lang='lat'><strong>,</strong></span> 
     </span>
     <span class='ocr_line' id='line_1_7' title="bbox 605 1198 2487 1287; baseline -0.006 -16"><span class='ocrx_word' id='word_1_42' title='bbox 605 1204 900 1273; x_wconf 70' lang='lat' dir='ltr'>homines</span> <span class='ocrx_word' id='word_1_43' title='bbox 945 1216 1012 1269; x_wconf 90' lang='lat' dir='ltr'>et</span> <span class='ocrx_word' id='word_1_44' title='bbox 1075 1200 1306 1265; x_wconf 78' lang='lat' dir='ltr'>bestias</span> <span class='ocrx_word' id='word_1_45' title='bbox 1349 1198 1707 1265; x_wconf 81' lang='lat' dir='ltr'>refocillans</span> <span class='ocrx_word' id='word_1_46' title='bbox 1734 1246 1759 1281; x_wconf 91' lang='lat'>‚</span> <span class='ocrx_word' id='word_1_47' title='bbox 1848 1202 2335 1287; x_wconf 75' lang='lat' dir='ltr'>plantarumque</span> <span class='ocrx_word' id='word_1_48' title='bbox 2390 1207 2487 1273; x_wconf 75' lang='lat' dir='ltr'>‘m-</span> 
     </span>
     <span class='ocr_line' id='line_1_8' title="bbox 609 1316 2482 1410; baseline 0.002 -25"><span class='ocrx_word' id='word_1_49' title='bbox 609 1334 996 1385; x_wconf 85' lang='lat' dir='ltr'>erementum</span> <span class='ocrx_word' id='word_1_50' title='bbox 1073 1330 1248 1399; x_wconf 80' lang='lat' dir='ltr'>grate</span> <span class='ocrx_word' id='word_1_51' title='bbox 1329 1316 1633 1400; x_wconf 87' lang='lat' dir='ltr'>adjuvans</span> <span class='ocrx_word' id='word_1_52' title='bbox 1714 1330 1781 1383; x_wconf 89' lang='lat' dir='ltr'>et</span> <span class='ocrx_word' id='word_1_53' title='bbox 1856 1320 2234 1406; x_wconf 80' lang='lat' dir='ltr'>stimulans3</span> <span class='ocrx_word' id='word_1_54' title='bbox 2358 1346 2482 1410; x_wconf 85' lang='lat' dir='ltr'>qua</span> 
     </span>
     <span class='ocr_line' id='line_1_9' title="bbox 609 1426 2485 1537; baseline 0 -34"><span class='ocrx_word' id='word_1_55' title='bbox 609 1437 660 1503; x_wconf 86' lang='lat' dir='ltr'>li</span> <span class='ocrx_word' id='word_1_56' title='bbox 727 1438 849 1502; x_wconf 88' lang='lat' dir='ltr'>sub</span> <span class='ocrx_word' id='word_1_57' title='bbox 919 1434 1138 1515; x_wconf 89' lang='lat' dir='ltr'>coelo,</span> <span class='ocrx_word' id='word_1_58' title='bbox 1223 1448 1369 1498; x_wconf 79' lang='lat' dir='ltr'>arva</span> <span class='ocrx_word' id='word_1_59' title='bbox 1462 1426 1761 1515; x_wconf 81' lang='lat' dir='ltr'>frugibus</span> <span class='ocrx_word' id='word_1_60' title='bbox 1832 1434 2243 1537; x_wconf 40' lang='lat' dir='ltr'>implentur-‚⁶</span> <span class='ocrx_word' id='word_1_61' title='bbox 2303 1458 2485 1523; x_wconf 74' lang='lat' dir='ltr'>prata</span> 
     </span>
     <span class='ocr_line' id='line_1_10' title="bbox 613 1550 2475 1641; baseline 0.003 -21"><span class='ocrx_word' id='word_1_62' title='bbox 613 1553 1024 1620; x_wconf 84' lang='lat' dir='ltr'>viridescente</span> <span class='ocrx_word' id='word_1_63' title='bbox 1113 1550 1304 1616; x_wconf 85' lang='lat' dir='ltr'>herba</span> <span class='ocrx_word' id='word_1_64' title='bbox 1387 1551 1709 1633; x_wconf 86' lang='lat' dir='ltr'>variisque</span> <span class='ocrx_word' id='word_1_65' title='bbox 1780 1552 2039 1620; x_wconf 86' lang='lat' dir='ltr'>floribus</span> <span class='ocrx_word' id='word_1_66' title='bbox 2122 1574 2475 1641; x_wconf 83' lang='lat' dir='ltr'>ornantur,</span> 
     </span>
     <span class='ocr_line' id='line_1_11' title="bbox 607 1662 2472 1755; baseline 0.001 -18"><span class='ocrx_word' id='word_1_67' title='bbox 607 1684 798 1751; x_wconf 83' lang='lat' dir='ltr'>atque</span> <span class='ocrx_word' id='word_1_68' title='bbox 845 1684 1178 1735; x_wconf 86' lang='lat' dir='ltr'>amoenum</span> <span class='ocrx_word' id='word_1_69' title='bbox 1235 1662 1519 1733; x_wconf 86' lang='lat' dir='ltr'>offerunt</span> <span class='ocrx_word' id='word_1_70' title='bbox 1558 1667 1765 1735; x_wconf 87' lang='lat' dir='ltr'>oculis</span> <span class='ocrx_word' id='word_1_71' title='bbox 1816 1670 2221 1737; x_wconf 84' lang='lat' dir='ltr'>lustrantibus</span> <span class='ocrx_word' id='word_1_72' title='bbox 2280 1691 2472 1755; x_wconf 80' lang='lat' dir='ltr'>spec·</span> 
     </span>
     <span class='ocr_line' id='line_1_12' title="bbox 603 1784 2461 1872; baseline 0.001 -17"><span class='ocrx_word' id='word_1_73' title='bbox 603 1790 878 1855; x_wconf 78' lang='lat' dir='ltr'>taculum</span> <span class='ocrx_word' id='word_1_74' title='bbox 904 1833 929 1868; x_wconf 91' lang='lat'><strong>‚</strong></span> <span class='ocrx_word' id='word_1_75' title='bbox 973 1784 1320 1868; x_wconf 78' lang='lat' dir='ltr'>vegetabile</span> <span class='ocrx_word' id='word_1_76' title='bbox 1349 1802 1613 1868; x_wconf 84' lang='lat' dir='ltr'>regnum</span> <span class='ocrx_word' id='word_1_77' title='bbox 1660 1800 1865 1868; x_wconf 84' lang='lat' dir='ltr'>gratos</span> <span class='ocrx_word' id='word_1_78' title='bbox 1906 1788 2139 1870; x_wconf 80' lang='lat' dir='ltr'>spargit</span> <span class='ocrx_word' id='word_1_79' title='bbox 2180 1788 2407 1857; x_wconf 69' lang='lat' dir='ltr'>odoroe</span> <span class='ocrx_word' id='word_1_80' title='bbox 2430 1836 2461 1872; x_wconf 88' lang='lat'><strong>,</strong></span> 
     </span>
     <span class='ocr_line' id='line_1_13' title="bbox 531 1902 2463 1988; baseline 0.002 -16"><span class='ocrx_word' id='word_1_81' title='bbox 531 1964 538 1972; x_wconf 91' lang='lat'><strong><em>.</em></strong></span> <span class='ocrx_word' id='word_1_82' title='bbox 609 1904 1042 1988; x_wconf 83' lang='lat' dir='ltr'>atmosphaera</span> <span class='ocrx_word' id='word_1_83' title='bbox 1077 1920 1238 1987; x_wconf 87' lang='lat' dir='ltr'>pura</span> <span class='ocrx_word' id='word_1_84' title='bbox 1256 1949 1281 1984; x_wconf 91' lang='lat'>‚</span> <span class='ocrx_word' id='word_1_85' title='bbox 1325 1902 1585 1969; x_wconf 85' lang='lat' dir='ltr'>insectis</span> <span class='ocrx_word' id='word_1_86' title='bbox 1624 1904 1779 1969; x_wconf 83' lang='lat' dir='ltr'>varii</span> <span class='ocrx_word' id='word_1_87' title='bbox 1816 1904 2045 1971; x_wconf 88' lang='lat' dir='ltr'>coloris</span> <span class='ocrx_word' id='word_1_88' title='bbox 2078 1922 2143 1971; x_wconf 88' lang='lat' dir='ltr'>et</span> <span class='ocrx_word' id='word_1_89' title='bbox 2180 1904 2463 1988; x_wconf 79' lang='lat' dir='ltr'>formae,</span> 
     </span>
     <span class='ocr_line' id='line_1_14' title="bbox 611 2021 2483 2107; baseline 0 -16"><span class='ocrx_word' id='word_1_90' title='bbox 611 2042 730 2091; x_wconf 82' lang='lat' dir='ltr'>nec</span> <span class='ocrx_word' id='word_1_91' title='bbox 759 2040 892 2099; x_wconf 87' lang='lat' dir='ltr'>non</span> <span class='ocrx_word' id='word_1_92' title='bbox 931 2022 1218 2087; x_wconf 83' lang='lat' dir='ltr'>hilarium</span> <span class='ocrx_word' id='word_1_93' title='bbox 1257 2021 1609 2087; x_wconf 77' lang='lat' dir='ltr'>volantium</span> <span class='ocrx_word' id='word_1_94' title='bbox 1660 2022 2044 2089; x_wconf 84' lang='lat' dir='ltr'>avicularum</span> <span class='ocrx_word' id='word_1_95' title='bbox 2082 2024 2299 2089; x_wconf 78' lang='lat' dir='ltr'>volatu</span> <span class='ocrx_word' id='word_1_96' title='bbox 2317 2072 2342 2107; x_wconf 91' lang='lat'>‚</span> <span class='ocrx_word' id='word_1_97' title='bbox 2382 2044 2483 2091; x_wconf 85' lang='lat' dir='ltr'>as-</span> 
     </span>
     <span class='ocr_line' id='line_1_15' title="bbox 613 2138 2487 2226; baseline 0 -17"><span class='ocrx_word' id='word_1_98' title='bbox 613 2142 805 2209; x_wconf 80' lang='lat' dir='ltr'>siduo</span> <span class='ocrx_word' id='word_1_99' title='bbox 825 2152 1190 2219; x_wconf 80' lang='lat' dir='ltr'>commota,</span> <span class='ocrx_word' id='word_1_100' title='bbox 1211 2138 1632 2223; x_wconf 81' lang='lat' dir='ltr'>gratissimum</span> <span class='ocrx_word' id='word_1_101' title='bbox 1668 2139 1835 2205; x_wconf 81' lang='lat' dir='ltr'>vitae</span> <span class='ocrx_word' id='word_1_102' title='bbox 1868 2140 2171 2223; x_wconf 87' lang='lat' dir='ltr'>pabulum</span> <span class='ocrx_word' id='word_1_103' title='bbox 2192 2143 2487 2226; x_wconf 83' lang='lat' dir='ltr'>exhibet,</span> 
     </span>
     <span class='ocr_line' id='line_1_16' title="bbox 613 2256 2491 2345; baseline 0.002 -21"><span class='ocrx_word' id='word_1_104' title='bbox 613 2258 754 2341; x_wconf 70' lang='lat' dir='ltr'>ipsa</span> <span class='ocrx_word' id='word_1_105' title='bbox 809 2258 1066 2323; x_wconf 85' lang='lat' dir='ltr'>meridie</span> <span class='ocrx_word' id='word_1_106' title='bbox 1105 2258 1222 2323; x_wconf 77' lang='lat' dir='ltr'>atri</span> <span class='ocrx_word' id='word_1_107' title='bbox 1276 2256 1671 2323; x_wconf 83' lang='lat' dir='ltr'>obnubulent</span> <span class='ocrx_word' id='word_1_108' title='bbox 1717 2260 1967 2323; x_wconf 86' lang='lat' dir='ltr'>coelum</span> <span class='ocrx_word' id='word_1_109' title='bbox 2016 2258 2253 2325; x_wconf 66' lang='lat' dir='ltr'>imbres</span> <span class='ocrx_word' id='word_1_110' title='bbox 2272 2306 2299 2343; x_wconf 92' lang='lat'><strong>,</strong></span> <span class='ocrx_word' id='word_1_111' title='bbox 2340 2262 2491 2345; x_wconf 87' lang='lat' dir='ltr'>plu·</span> 
     </span>
     <span class='ocr_line' id='line_1_17' title="bbox 611 2372 2487 2459; baseline 0.001 -18"><span class='ocrx_word' id='word_1_112' title='bbox 611 2374 776 2441; x_wconf 85' lang='lat' dir='ltr'>viam</span> <span class='ocrx_word' id='word_1_113' title='bbox 815 2372 1156 2441; x_wconf 86' lang='lat' dir='ltr'>fundentes</span> <span class='ocrx_word' id='word_1_114' title='bbox 1193 2376 1571 2457; x_wconf 77' lang='lat' dir='ltr'>coelumque</span> <span class='ocrx_word' id='word_1_115' title='bbox 1606 2372 1843 2455; x_wconf 72' lang='lat' dir='ltr'>ingrate</span> <span class='ocrx_word' id='word_1_116' title='bbox 1889 2374 2272 2457; x_wconf 83' lang='lat' dir='ltr'>afficientes,</span> <span class='ocrx_word' id='word_1_117' title='bbox 2310 2378 2487 2459; x_wconf 86' lang='lat' dir='ltr'>ipsa-</span> 
     </span>
     <span class='ocr_line' id='line_1_18' title="bbox 609 2488 2470 2577; baseline 0.001 -20"><span class='ocrx_word' id='word_1_118' title='bbox 609 2510 738 2573; x_wconf 85' lang='lat' dir='ltr'>que</span> <span class='ocrx_word' id='word_1_119' title='bbox 780 2505 1112 2557; x_wconf 79' lang='lat' dir='ltr'>ventorum</span> <span class='ocrx_word' id='word_1_120' title='bbox 1165 2491 1400 2557; x_wconf 83' lang='lat' dir='ltr'>cohors</span> <span class='ocrx_word' id='word_1_121' title='bbox 1456 2488 1823 2572; x_wconf 82' lang='lat' dir='ltr'>expergefiat</span> <span class='ocrx_word' id='word_1_122' title='bbox 1863 2506 1926 2554; x_wconf 89' lang='lat' dir='ltr'>et</span> <span class='ocrx_word' id='word_1_123' title='bbox 1966 2507 2263 2576; x_wconf 82' lang='lat' dir='ltr'>exsurgat</span> <span class='ocrx_word' id='word_1_124' title='bbox 2286 2540 2312 2574; x_wconf 90' lang='lat'><strong>,</strong></span> <span class='ocrx_word' id='word_1_125' title='bbox 2352 2492 2470 2577; x_wconf 83' lang='lat' dir='ltr'>qui</span> 
     </span>
     <span class='ocr_line' id='line_1_19' title="bbox 605 2592 2315 2690; baseline -0.001 -11"><span class='ocrx_word' id='word_1_126' title='bbox 605 2615 810 2679; x_wconf 66' lang='lat' dir='ltr'>uitem</span> <span class='ocrx_word' id='word_1_127' title='bbox 859 2624 924 2675; x_wconf 90' lang='lat' dir='ltr'>et</span> <span class='ocrx_word' id='word_1_128' title='bbox 973 2604 1278 2690; x_wconf 80' lang='lat' dir='ltr'>frigidum</span> <span class='ocrx_word' id='word_1_129' title='bbox 1333 2623 1398 2674; x_wconf 90' lang='lat' dir='ltr'>et</span> <span class='ocrx_word' id='word_1_130' title='bbox 1446 2606 1765 2673; x_wconf 82' lang='lat' dir='ltr'>humidum</span> <span class='ocrx_word' id='word_1_131' title='bbox 1830 2606 2023 2673; x_wconf 85' lang='lat' dir='ltr'>simul</span> <span class='ocrx_word' id='word_1_132' title='bbox 2074 2592 2315 2679; x_wconf 52' lang='lat' dir='ltr'>reddat-¹</span> 
     </span>
    </p>

    <p class='ocr_par' dir='ltr' id='par_1_3' title="bbox 611 2726 2487 3053">
     <span class='ocr_line' id='line_1_20' title="bbox 700 2726 2485 2799; baseline -0.001 0"><span class='ocrx_word' id='word_1_133' title='bbox 700 2730 874 2799; x_wconf 84' lang='lat' dir='ltr'>Haec</span> <span class='ocrx_word' id='word_1_134' title='bbox 915 2727 1078 2793; x_wconf 87' lang='lat' dir='ltr'>coeli</span> <span class='ocrx_word' id='word_1_135' title='bbox 1135 2726 1400 2793; x_wconf 82' lang='lat' dir='ltr'>variatio</span> <span class='ocrx_word' id='word_1_136' title='bbox 1460 2740 1523 2791; x_wconf 89' lang='lat' dir='ltr'>et</span> <span class='ocrx_word' id='word_1_137' title='bbox 1578 2726 1967 2793; x_wconf 82' lang='lat' dir='ltr'>diversorum</span> <span class='ocrx_word' id='word_1_138' title='bbox 2020 2732 2313 2796; x_wconf 86' lang='lat' dir='ltr'>locorum</span> <span class='ocrx_word' id='word_1_139' title='bbox 2354 2730 2485 2799; x_wconf 85' lang='lat' dir='ltr'>sin·</span> 
     </span>
     <span class='ocr_line' id='line_1_21' title="bbox 611 2844 2487 2933; baseline 0.002 -18"><span class='ocrx_word' id='word_1_140' title='bbox 611 2852 856 2933; x_wconf 70' lang='lat' dir='ltr'>gulares</span> <span class='ocrx_word' id='word_1_141' title='bbox 896 2846 1274 2913; x_wconf 66' lang='lat' dir='ltr'>mutationes</span> <span class='ocrx_word' id='word_1_142' title='bbox 1315 2844 1577 2910; x_wconf 89' lang='lat' dir='ltr'>omnino</span> <span class='ocrx_word' id='word_1_143' title='bbox 1604 2844 1898 2928; x_wconf 85' lang='lat' dir='ltr'>conspici</span> <span class='ocrx_word' id='word_1_144' title='bbox 1920 2848 2343 2915; x_wconf 86' lang='lat' dir='ltr'>merentur-in</span> <span class='ocrx_word' id='word_1_145' title='bbox 2376 2868 2487 2918; x_wconf 77' lang='lat' dir='ltr'>ex·</span> 
     </span>
     <span class='ocr_line' id='line_1_22' title="bbox 611 2962 2288 3053; baseline 0.001 -20"><span class='ocrx_word' id='word_1_146' title='bbox 611 2968 926 3053; x_wconf 84' lang='lat' dir='ltr'>ponendis</span> <span class='ocrx_word' id='word_1_147' title='bbox 965 2964 1254 3033; x_wconf 87' lang='lat' dir='ltr'>Febrium</span> <span class='ocrx_word' id='word_1_148' title='bbox 1301 2962 1845 3029; x_wconf 86' lang='lat' dir='ltr'>intermittentium</span> <span class='ocrx_word' id='word_1_149' title='bbox 1894 2967 2101 3031; x_wconf 88' lang='lat' dir='ltr'>causis</span> <span class='ocrx_word' id='word_1_150' title='bbox 2147 2968 2288 3050; x_wconf 86' lang='grc' dir='ltr'>(ι).</span> 
     </span>
    </p>

    <p class='ocr_par' dir='ltr' id='par_1_4' title="bbox 618 3082 2496 3522">
     <span class='ocr_line' id='line_1_23' title="bbox 699 3082 2477 3165; baseline 0.001 -14"><span class='ocrx_word' id='word_1_151' title='bbox 699 3082 796 3151; x_wconf 89' lang='lat' dir='ltr'>Ut</span> <span class='ocrx_word' id='word_1_152' title='bbox 845 3084 998 3149; x_wconf 80' lang='lat' dir='ltr'>baec</span> <span class='ocrx_word' id='word_1_153' title='bbox 1053 3084 1449 3165; x_wconf 87' lang='lat' dir='ltr'>probentur,</span> <span class='ocrx_word' id='word_1_154' title='bbox 1516 3082 1913 3147; x_wconf 87' lang='lat' dir='ltr'>recordemur</span> <span class='ocrx_word' id='word_1_155' title='bbox 1968 3086 2157 3148; x_wconf 81' lang='lat' dir='ltr'>modo</span> <span class='ocrx_word' id='word_1_156' title='bbox 2190 3083 2477 3152; x_wconf 83' lang='lat' dir='ltr'>autumni</span> 
     </span>
     <span class='ocr_line' id='line_1_24' title="bbox 618 3198 2496 3283; baseline 0 -16"><span class='ocrx_word' id='word_1_157' title='bbox 618 3213 682 3267; x_wconf 88' lang='lat' dir='ltr'>et</span> <span class='ocrx_word' id='word_1_158' title='bbox 717 3200 1022 3283; x_wconf 85' lang='lat' dir='ltr'>temporis</span> <span class='ocrx_word' id='word_1_159' title='bbox 1059 3198 1363 3282; x_wconf 83' lang='lat' dir='ltr'>vernalis,</span> <span class='ocrx_word' id='word_1_160' title='bbox 1410 3218 1709 3281; x_wconf 83' lang='lat' dir='ltr'>quaenam</span> <span class='ocrx_word' id='word_1_161' title='bbox 1748 3214 2187 3283; x_wconf 83' lang='lat' dir='ltr'>temperaturae</span> <span class='ocrx_word' id='word_1_162' title='bbox 2212 3217 2273 3266; x_wconf 90' lang='lat' dir='ltr'>et</span> <span class='ocrx_word' id='word_1_163' title='bbox 2306 3216 2496 3267; x_wconf 63' lang='lat' dir='ltr'>tem-r-</span> 
     </span>
     <span class='ocr_line' id='line_1_25' title="bbox 619 3312 2473 3407; baseline 0.004 -27"><span class='ocrx_word' id='word_1_164' title='bbox 619 3312 882 3405; x_wconf 81' lang='lat' dir='ltr'>pestatis</span> <span class='ocrx_word' id='word_1_165' title='bbox 911 3313 980 3381; x_wconf 88' lang='lat' dir='ltr'>in</span> <span class='ocrx_word' id='word_1_166' title='bbox 1019 3314 1098 3381; x_wconf 88' lang='lat' dir='ltr'>iis</span> <span class='ocrx_word' id='word_1_167' title='bbox 1132 3316 1469 3407; x_wconf 79' lang='lat' dir='ltr'>observata</span> <span class='ocrx_word' id='word_1_168' title='bbox 1488 3316 1573 3381; x_wconf 86' lang='lat' dir='ltr'>sit</span> <span class='ocrx_word' id='word_1_169' title='bbox 1604 3315 1979 3383; x_wconf 82' lang='lat' dir='ltr'>differentia!</span> <span class='ocrx_word' id='word_1_170' title='bbox 2024 3320 2269 3385; x_wconf 82' lang='lat' dir='ltr'>vernale</span> <span class='ocrx_word' id='word_1_171' title='bbox 2312 3332 2473 3387; x_wconf 85' lang='lat' dir='ltr'>tem·</span> 
     </span>
     <span class='ocr_line' id='line_1_26' title="bbox 618 3434 2477 3522; baseline 0.002 -21"><span class='ocrx_word' id='word_1_172' title='bbox 618 3452 743 3522; x_wconf 88' lang='lat' dir='ltr'>pus</span> <span class='ocrx_word' id='word_1_173' title='bbox 797 3448 1228 3519; x_wconf 73' lang='lat' dir='ltr'>praegressum</span> <span class='ocrx_word' id='word_1_174' title='bbox 1267 3434 1571 3501; x_wconf 83' lang='lat' dir='ltr'>variabile</span> <span class='ocrx_word' id='word_1_175' title='bbox 1617 3452 1861 3521; x_wconf 83' lang='lat' dir='ltr'>semper</span> <span class='ocrx_word' id='word_1_176' title='bbox 1880 3482 1904 3518; x_wconf 91' lang='lat'><strong>,</strong></span> <span class='ocrx_word' id='word_1_177' title='bbox 1964 3437 2189 3506; x_wconf 69' lang='lat' dir='ltr'>mulus</span> <span class='ocrx_word' id='word_1_178' title='bbox 2240 3438 2477 3522; x_wconf 77' lang='lat' dir='ltr'>produ.-</span> 
     </span>
    </p>

    <p class='ocr_par' dir='ltr' id='par_1_5' title="bbox 951 3534 2487 3625">
     <span class='ocr_line' id='line_1_27' title="bbox 951 3534 2487 3625; baseline 0 -1"><span class='ocrx_word' id='word_1_179' title='bbox 951 3534 966 3551; x_wconf 68' lang='grc'><strong><em>’</em></strong></span> <span class='ocrx_word' id='word_1_180' title='bbox 2390 3557 2487 3625; x_wconf 87' lang='lat' dir='ltr'>xit</span> 
     </span>
    </p>

    <p class='ocr_par' dir='ltr' id='par_1_6' title="bbox 675 3692 2473 3803">
     <span class='ocr_line' id='line_1_28' title="bbox 675 3692 2473 3803; baseline 0.002 -16"><span class='ocrx_word' id='word_1_181' title='bbox 675 3734 766 3803; x_wconf 82' lang='lat' dir='ltr'>(r)</span> <span class='ocrx_word' id='word_1_182' title='bbox 795 3738 967 3799; x_wconf 73' lang='lat' dir='ltr'>nujus</span> <span class='ocrx_word' id='word_1_183' title='bbox 993 3734 1100 3787; x_wconf 79' lang='lat' dir='ltr'>lod</span> <span class='ocrx_word' id='word_1_184' title='bbox 1131 3748 1210 3787; x_wconf 76' lang='lat' dir='ltr'>est</span> <span class='ocrx_word' id='word_1_185' title='bbox 1235 3736 1360 3785; x_wconf 81' lang='lat' dir='ltr'>illud</span> <span class='ocrx_word' id='word_1_186' title='bbox 1391 3734 1882 3796; x_wconf 65' lang='lat' dir='ltr'>Vin-tilianam.</span> <span class='ocrx_word' id='word_1_187' title='bbox 1918 3742 2101 3801; x_wconf 66' lang='grc' dir='ltr'><strong><em>σεεμ.</em></strong></span> <span class='ocrx_word' id='word_1_188' title='bbox 2118 3738 2215 3789; x_wconf 84' lang='lat' dir='ltr'>lib.</span> <span class='ocrx_word' id='word_1_189' title='bbox 2234 3692 2371 3792; x_wconf 57' lang='lat' dir='ltr'>raa.</span> <span class='ocrx_word' id='word_1_190' title='bbox 2390 3752 2473 3803; x_wconf 73' lang='lat' dir='ltr'>so,</span> 
     </span>
    </p>
   </div>
   <div class='ocr_carea' id='block_1_3' title="bbox 837 3832 2459 3993">
    <p class='ocr_par' dir='ltr' id='par_1_7' title="bbox 837 3832 2459 3993">
     <span class='ocr_line' id='line_1_29' title="bbox 837 3832 2191 3895; baseline 0 -10"><span class='ocrx_word' id='word_1_191' title='bbox 837 3866 880 3895; x_wconf 82' lang='lat'>„</span> <span class='ocrx_word' id='word_1_192' title='bbox 915 3836 1140 3894; x_wconf 70' lang='lat' dir='ltr'>vemet,</span> <span class='ocrx_word' id='word_1_193' title='bbox 1171 3846 1226 3883; x_wconf 77' lang='lat' dir='ltr'>et</span> <span class='ocrx_word' id='word_1_194' title='bbox 1251 3832 1447 3881; x_wconf 66' lang='lat' dir='ltr'>varium</span> <span class='ocrx_word' id='word_1_195' title='bbox 1474 3832 1613 3882; x_wconf 80' lang='lat' dir='ltr'>coeli</span> <span class='ocrx_word' id='word_1_196' title='bbox 1639 3833 1967 3891; x_wconf 70' lang='lat' dir='ltr'>praediscere</span> <span class='ocrx_word' id='word_1_197' title='bbox 1990 3848 2191 3885; x_wconf 73' lang='lat' dir='ltr'>morem</span> 
     </span>
     <span class='ocr_line' id='line_1_30' title="bbox 897 3926 2459 3993; baseline 0.002 -12"><span class='ocrx_word' id='word_1_198' title='bbox 897 3958 942 3987; x_wconf 63' lang='grc' dir='ltr'><em>η</em></span> <span class='ocrx_word' id='word_1_199' title='bbox 967 3932 1102 3981; x_wconf 78' lang='lat' dir='ltr'>cun</span> <span class='ocrx_word' id='word_1_200' title='bbox 1125 3931 1194 3983; x_wconf 69' lang='lat' dir='ltr'>alt</span> <span class='ocrx_word' id='word_1_201' title='bbox 1219 3940 1278 3979; x_wconf 81' lang='lat' dir='ltr'>ac</span> <span class='ocrx_word' id='word_1_202' title='bbox 1299 3926 1497 3993; x_wconf 67' lang='lat' dir='ltr'>purim</span> <span class='ocrx_word' id='word_1_203' title='bbox 1522 3932 1793 3990; x_wconf 66' lang='lat' dir='ltr'>curuoque</span> <span class='ocrx_word' id='word_1_204' title='bbox 1824 3930 2127 3993; x_wconf 61' lang='lat' dir='ltr'>habbanne</span> <span class='ocrx_word' id='word_1_205' title='bbox 2154 3933 2459 3987; x_wconf 58' lang='lat' dir='ltr'>hcm-:⁶</span> 
     </span>
    </p>
   </div>
  </div>
 </body>
</html>
