2809 4992
757 438 1673 513 ·MEDICA.
2123 462 2209 529 41

343 620 756 710 persistente,
813 626 974 691 unde
1003 624 1170 710 aegri
1211 627 1289 691 ad
1325 626 1506 691 finem
1560 644 1761 710 usque
1820 626 2083 695 delirant
2128 626 2207 693 de

341 746 528 812 rebus
595 740 927 823 absurdis,
973 758 1044 805 se
1083 758 1304 823 captos
1354 750 1463 804 aut
1505 758 1842 809 venenatos
1894 760 2034 809 esse
2072 758 2209 809 cre·

345 864 504 929 dunt
530 907 553 941 ,
597 856 892 941 plerique
933 875 1096 922 vano
1149 873 1322 922 metu
1372 856 1797 939 corripiuntur
1850 860 2207 927 animalium

345 979 744 1045 minimorum
764 1022 790 1057 ,
861 975 957 1040 nti
1011 975 1278 1041 murium
1304 1021 1328 1055 ,
1369 992 1703 1057 vesparum
1757 992 1865 1041 aut
1902 977 2207 1045 vermium

347 1095 726 1178 repentium.
833 1092 1006 1159 Haec
1056 1091 1265 1156 omnia
1329 1090 1667 1157 comitatur
1708 1104 1942 1157 tremor
1991 1092 2204 1175 singu-

345 1211 494 1279 laris
545 1228 887 1290 manuum,
932 1210 1042 1290 qui
1097 1223 1332 1273 tremor
1368 1226 1513 1274 cum
1569 1206 1955 1273 incremento
1996 1192 2209 1290 symp-

344 1341 646 1393 tomatum
707 1326 838 1409 pari
885 1343 1076 1408 passu
1117 1340 1424 1409 augetur,
1470 1338 1541 1387 ut
1593 1325 1833 1390 tandem
1874 1324 1942 1389 in
1977 1339 2208 1389 ‚verum

347 1444 667 1518 tendinum
729 1443 1085 1509 subsultum
1143 1440 1390 1527 transit.
1498 1440 1723 1507 Pulsus
1790 1438 2093 1523 frequens
2148 1456 2210 1507 et

341 1562 564 1627 debilis
599 1574 742 1640 est,
779 1558 1052 1625 anxietas
1095 1574 1336 1641 magna.
1419 1556 1664 1641 Pupilla
1716 1557 2009 1641 dilatata,
2056 1576 2209 1625 ocu-

340 1678 386 1742 li
438 1694 588 1743 sunt
629 1676 852 1757 rubri,
911 1676 1180 1741 musculi
1226 1673 1409 1741 faciei
1464 1677 1957 1757 convelluntur,
2020 1690 2210 1759 atque

343 1813 562 1859 omncs
594 1812 691 1858 res
721 1839 744 1872 ,
783 1811 944 1874 quae
980 1804 1366 1875 peraguntur
1392 1836 1417 1870 ,
1468 1790 1751 1858 insolitae
1784 1792 2209 1859 festinationis

339 1912 568 1977 indicia
621 1925 869 1993 gerunt.
1001 1912 1058 1973 A
1118 1906 1306 1971 rebus
1387 1906 1521 1971 suis
1598 1923 1801 1971 tamen
1864 1909 1919 1971 si
1974 1908 2211 1990 aliquid

343 2024 648 2108 incipiant
725 2040 872 2107 post
951 2024 1143 2088 breve
1206 2024 1599 2089 intervallum
1677 2024 2013 2090 desistunt.
2143 2024 2213 2091 Si

343 2157 550 2209 autem
605 2144 806 2225 ἃκμῆν
850 2140 1057 2224 attigit
1115 2140 1421 2222 morbus,
1519 2142 1733 2207 vultus
1790 2138 2023 2205 ferocia
2086 2160 2214 2207 ma·

339 2275 450 2326 net
502 2274 566 2325 et
620 2258 932 2324 adstantes
985 2276 1117 2323 non
1173 2257 1441 2339 amplius
1499 2272 1675 2322 curat
1728 2276 1943 2341 aeger,
2020 2274 2209 2341 atque

341 2376 554 2459 ,omnia
612 2394 768 2458 quae
823 2375 1035 2459 pravis
1091 2374 1250 2440 ideis
1321 2374 1445 2439 sibi
1520 2374 1831 2441 efficienda
1906 2376 2213 2461 proponit

336 2494 487 2559 satis
571 2510 790 2576 magna
887 2490 1116 2559 virium
1201 2492 1555 2559 intensione
1650 2492 1950 2561 absolvit.
2044 2496 2209 2563 ‘His

351 2608 729 2695 praegressis
755 2655 781 2688 ,
823 2609 890 2674 in
949 2627 1236 2674 somnum
1288 2608 1675 2690 profundum
1728 2608 1947 2673 incidit
1998 2612 2214 2694 aegro·

354 2742 495 2791 tans
524 2772 550 2808 ,
606 2744 748 2791 cum
801 2740 1068 2789 stertore
1125 2724 1445 2805 pectoris,
1512 2722 1745 2789 sudore
1790 2720 2067 2805 frigido,
2127 2728 2217 2791 al·

357 2862 444 2908 vo
527 2840 760 2925 liquida
839 2839 1291 2919 involuntaria,
1376 2858 1439 2907 et
1514 2840 1607 2905 sic
1661 2842 2046 2923 apoplectice
2103 2844 2213 2909 de-

353 2956 702 3041 cumbens,
767 2955 1012 3023 tandem
1077 2975 1208 3039 quo
1270 2954 1396 3022 fata
1450 2974 1717 3038 vocant,
1788 2957 2051 3024 trahitur
2102 2959 2221 3027 ho·

361 3092 493 3140 mo.

437 3193 574 3259 Hac
627 3206 882 3271 autem,
923 3188 987 3258 ni
1029 3187 1351 3270 fallimur,
1393 3207 1879 3275 symptomatum
1927 3206 1992 3260 et
2048 3213 2217 3262 mor-

353 3309 422 3375 bi
459 3311 758 3376 decursus
807 3308 973 3374 fideli
1002 3307 1429 3389 enarratione,
1469 3306 1763 3376 facillime
1794 3311 1975 3379 etiam
2014 3331 2053 3379 a
2090 3313 2209 3378 Fe-

352 3426 467 3492 bre
517 3426 964 3491 inter-mittente
1024 3426 1409 3509 apoplectica
1464 3427 1895 3513 distinguitur.
2018 3428 2213 3495 Tem·

351 3562 474 3629 pus
508 3542 674 3609 enim
711 3542 1092 3627 apyreticum
1136 3558 1200 3609 et
1255 3546 1555 3610 decursus
1614 3544 1970 3625 periodicas
2011 3541 2207 3613 febris

340 3658 806 3729 intermittentis
867 3673 1286 3745 symptomata
1349 3659 1505 3726 adeo
1561 3658 1912 3725 essentialia
1970 3658 2207 3729 haben·

343 3794 492 3860 tur,
531 3794 603 3846 ut
639 3776 814 3843 hisce
849 3777 1218 3845 absentibus
1238 3824 1264 3859 ,
1302 3776 1501 3845 febris
1536 3776 2001 3846 intermittentis
2026 3800 2203 3867 prae-

347 3895 548 3968 sentia
595 3894 830 3963 assumi
885 3912 1014 3963 non
1057 3896 1288 3979 possit.

2053 4014 2211 4086 Hie.
