2809 4992
585 1177 1828 1277 turnonucrla

326 1954 639 2069 Unum·
666 2012 979 2080 quemque
995 2042 1023 2080 ‚
1066 1997 1180 2081 qui
1210 2016 1414 2067 rerum
1459 2014 1738 2069 naturam
1759 2044 1787 2086 ‚
1825 2012 2132 2085 quantum

230 2112 537 2198 quidem
576 2130 697 2198 pro
752 2113 983 2199 ingenii
1034 2115 1291 2184 humani
1328 2115 1754 2185 mediocritate
1797 2130 1860 2184 et
1915 2116 2137 2185 limiti-

230 2228 379 2297 bus
414 2229 579 2296 licet
604 2276 630 2311 ‚
683 2229 803 2296 rite
852 2246 1235 2315 cognoscere
1266 2232 1576 2301 desiderat
1603 2280 1629 2315 ‚
1671 2235 1748 2302 ad
1788 2250 1906 2316 ee,
1941 2228 2132 2319 'quae

234 2345 387 2415 suis
418 2358 424 2365 ·
460 2347 851 2431 perlustrare
897 2346 1099 2416 oculis
1155 2348 1418 2435 suisque
1455 2348 1748 2419 sensibus
1809 2344 2132 2435 percipe-e

228 2474 477 2549 potest
498 2511 526 2547 ,
588 2462 809 2533 sedulo
861 2465 1181 2533 attendere
1234 2474 1494 2553 oportet
1517 2512 1543 2549 ‚
1589 2480 1664 2535 ut
1699 2482 1831 2535 non
1878 2458 2126 2541 tuntum

229 2594 576 2649 externam
616 2597 822 2648 terum
886 2580 1155 2667 speciem
1217 2586 1678 2669 contempletur
1693 2634 1719 2671 ‚
1781 2598 1862 2653 et<
1882 2577 2125 2670 usuin',

232 2698 351 2766 cui
428 2699 586 2766 illac
646 2696 945 2765 inservire
968 2745 994 2780 ‚
1068 2696 1487 2782 utilitatisque
1544 2700 1873 2783 fructum,
1899 2692 1916 2719 ³
1933 2716 2124 2787 quern

237 2814 423 2883 ferre
502 2814 762 2899 possint
782 2859 808 2896 ‚
872 2812 1230 2897 observct3
1312 2814 1426 2881 sed
1480 2814 1756 2897 inquirat
1807 2816 1989 2884 ctiam
2052 2818 2121 2887 in

242 2932 425 3001 fines
465 2978 494 3015 ‚
545 2928 781 3015 quibus
814 2928 1095 3013 singulae
1138 2947 1239 2997 res
1274 2928 1618 2997 destinatae
1667 2930 1834 3015 sint,
1859 2948 1923 3001 ct
1951 2934 2128 3003 inds-

238 3068 401 3136 garc
448 3060 768 3130 conetur,
834 3048 1155 3131 quomodo
1210 3046 1504 3115 universe
1561 3064 1772 3115 eorum
1827 3048 2070 3118 indoles
2088 3096 2116 3133 ,

240 3182 585 3236 structura
626 3178 693 3233 et
750 3165 1111 3233 functiones
1145 3179 1534 3251 comparatae
1591 3164 1722 3231 sint
1778 3166 1857 3233 ad
1911 3176 2124 3237 certo·

244 3282 413 3351 fines
437 3331 466 3368 ‚
512 3284 895 3368 eosdemque
944 3282 1150 3351 bonos
1204 3302 1277 3351 ac
1316 3282 1504 3351 utiles
1548 3279 1949 3355 obtinendos.

326 3400 409 3469 In
465 3400 649 3471 hisce
699 3400 1027 3489 diligenter
1080 3400 1414 3469 tractandis
1469 3402 1525 3468 si
1581 3402 1727 3487 quis
1783 3414 2068 3473 versetur
2089 3452 2117 3489 ,

252 3530 315 3583 ct
386 3516 457 3583 in
539 3534 766 3603 campo
826 3518 971 3584 'hoc
1029 3516 1326 3585 latissime
1383 3532 1633 3603 patente
1713 3538 1826 3603 per
1908 3530 2116 3603 partes

249 3633 463 3699 eundo
483 3681 512 3718 ‚
580 3634 1004 3719 phaenomena
1062 3632 1129 3701 in
1202 3652 1397 3721 regno
1456 3636 1701 3703 animali
1755 3636 1882 3702 sibi
1930 3634 2118 3701 obvia

232 3750 617 3818 ‘accuratius
664 3768 1045 3837 cognoscere
1099 3752 1343 3819 student
1363 3800 1391 3837 ,
1433 3754 1500 3818 in
1547 3753 1842 3819 omnibus
1883 3753 2124 3815 eluces·

227 3866 403 3932 ‘cere
453 3868 869 3951 deprehendet
905 3868 1236 3937 consilium
1274 3868 1829 3953 sapientissimum.
1865 3864 1954 3931 Si'
1977 3882 2122 3930 cor·

254 3978 437 4067 poris
492 3982 749 4055 numani
786 4004 856 4056 v.
898 4004 960 4054 c.
1041 3964 1418 4055 structuram
1473 3981 1822 4052 universam
1875 3994 2118 4069 specte·

1125 4103 1187 4169 A
1228 4122 1267 4169 2
1924 4116 2064 4172 mus
2091 4145 2115 4181 ,
