2809 4992
843 539 1489 630 offirmo:
2017 537 2113 631 ιῑὶ

343 742 550 822 Hane
611 746 756 820 vim
816 744 1102 822 dicendi
1169 758 1579 822 consecutus
1652 760 1761 824 est
1802 773 2115 825 summus

219 857 368 952 ine
434 874 749 967 Orator,
841 875 936 950 ab
979 861 1387 949 ‘imitatione
1450 873 1757 951 Naturae
1776 930 1798 965 ,
1888 903 2067 974 quae
2091 931 2112 968 ,

233 1001 362 1081 nti
420 1001 497 1079 in
571 1003 824 1081 ceteris
897 1002 1174 1078 artibus
1202 1054 1225 1093 ,
1297 1001 1374 1077 in
1435 1001 1853 1100 Eloquentia
1907 1028 2121 1106 prae-

233 1131 510 1210 sen-tim
547 1144 660 1208 est
699 1129 1130 1215 adhibenda.
1377 1219 1389 1226 ‚

355 1260 406 1338 ὃ
441 1259 802 1336 infelicem
871 1273 1222 1337 oratorem
1245 1315 1267 1352 ,
1339 1263 1465 1360 qui
1530 1263 1745 1341 alium
1815 1263 2129 1371 sequitur

256 1388 716 1492 magistrum!
767 1388 836 1466 Is
878 1389 1062 1466 enim
1117 1387 1354 1468 statim
1397 1389 1757 1484 ostendit,
1803 1389 2129 1470 fleetione

265 1516 464 1596 vocis
499 1519 1086 1622 praeternaturali
1103 1575 1128 1611 ‚
1183 1519 1634 1620 gestibusque
1653 1575 1675 1613 ,
1705 1520 1992 1597 nimium
2038 1521 2129 1596 ad

257 1659 488 1726 artem
553 1647 906 1741 redactis,
975 1647 1299 1748 corporis
1355 1647 1637 1725 demum
1700 1647 1952 1725 habitu
2017 1647 2135 1723 in·-

251 1769 623 1880 eleganti,
704 1801 784 1854 se
856 1775 952 1851 ad
1033 1775 1466 1852 imitatorum
1552 1787 1827 1854 servum
1914 1801 2131 1880 pecus

247 1906 633 2010 pertinere.

359 2033 492 2111 Sic
547 2045 800 2124 notum
856 2045 965 2108 est
987 2087 1010 2124 ,
1058 2033 1439 2108 familiares
1478 2035 1577 2109 Pl
1593 2059 1634 2106 a
1650 2045 1680 2106 t
1698 2058 1743 2107 o
1762 2033 1857 2107 ni
1876 2058 1911 2107 s
1964 2033 2139 2107 imi-

263 2173 460 2240 tatos
569 2185 720 2238 esse
812 2160 963 2260 ejus
1051 2159 1460 2237 curvitatem
1486 2144 1514 2255 3'
1580 2213 1670 2230 .-
1764 2157 2145 2262 discipulos

263 2289 846 2368 Aristotelis
885 2344 911 2382 ‚
981 2287 1473 2390 praeceptoris
1553 2287 1990 2382 balbutiem3
2052 2325 2142 2346 -

268 2433 336 2498 et
387 2419 658 2496 amicos
729 2418 1338 2509 Alexandri,
1359 2418 1807 2514 inflexionem
1852 2417 2016 2494 colli
2070 2431 2142 2494 et

271 2547 720 2650 asperitatem
767 2547 963 2624 vocis
981 2601 1005 2640 ,
1051 2546 1128 2623 in
1171 2547 1496 2626 dicendo.

361 2675 571 2754 Haud
609 2699 779 2752 raro
821 2675 1082 2754 accidit
1098 2729 1122 2770 ‚
1170 2689 1250 2754 ut
1283 2676 1407 2775 qui
1436 2677 1541 2752 sic
1575 2631 1789 2755 alium
1826 2703 2144 2777 sequan-

269 2818 386 2886 tur
409 2861 432 2900 ‚
528 2807 676 2906 ejus
743 2804 912 2883 vitia
981 2805 1451 2883 adnumerare
1520 2807 1797 2882 soleant
1868 2805 2151 2882 virtuti-

267 2937 406 3014 bus
434 2987 458 3024 ,
510 2935 786 3031 sibique
823 2947 1254 3012 ornamento
1299 2934 1459 3010 fore
1495 2933 1832 3009 credant!

371 3061 592 3140 Absit
663 3061 880 3160 igitur
946 3061 1092 3137 hoe
1171 3061 1496 3136 imitandi
1556 3066 2153 3164 praeternaturale

275 3207 348 3273 et
397 3190 774 3270 ridiculum
827 3215 1048 3292 genus
1089 3217 1134 3267 a
1178 3188 1384 3268 vobis
1405 3246 1433 3284 ‚
1482 3191 1911 3269 ornatissimi
1954 3194 2151 3293 juve-

271 3326 444 3402 nes!
519 3319 666 3398 sive
729 3320 947 3398 futuri
1007 3332 1333 3400 oratores
1402 3321 1591 3399 sacri
1611 3376 1637 3415 ‚
1686 3321 1833 3402 sive
1871 3323 1950 3401 in
1990 3325 2189 3406 soro·

271 3451 622 3532 vei-saturi
639 3502 663 3542 ,
728 3451 838 3528 vel
897 3448 1328 3550 ubicumque
1370 3451 1662 3529 tandem
1712 3454 1931 3532 xerba
1992 3453 2171 3537 fao-'

269 3580 456 3662 turi!
480 3613 577 3638 -
624 3578 934 3660 Omnem
975 3580 1315 3658 adhibete
1353 3580 1829 3682 diligentiam,
1879 3598 1959 3663 ut
2004 3587 2157 3666 uti-

273 3716 342 3791 le
381 3709 573 3792 dulci
593 3766 618 3805 ,
663 3733 908 3788 verum
947 3711 1198 3814 pulcro
1221 3765 1245 3804 ‚
1298 3709 1597 3814 simplex
1656 3713 1943 3792 sublimi
1974 3717 2156 3794 mis-

281 3841 519 3918 ceatis.
615 3839 1068 3938 ,Mementote
1137 3865 1423 3944 semper
1500 3842 1876 3922 Horatiani
1938 3869 2159 3944 prae-

281 3967 524 4069 cepti:

2074 4105 2163 4182 δι’
2228 4193 2235 4200 ,
