2809 4992
740 446 1604 535 ‘MEDICA.
2064 492 2146 561 29

268 662 325 713 a
384 643 573 711 febris
646 646 955 713 reactione
1026 647 1349 713 manifesta
1413 649 1754 735 excitetur,
1833 648 1927 718 sic
1971 652 2144 738 'apud

274 761 592 845 Bailly
630 762 729 827 de
772 762 1013 827 Blois
1060 764 1221 847 (ι),
1262 777 1505 846 prostat
1545 770 1896 852 exemplum
1932 774 2148 857 cujus-

258 878 429 945 dam
473 876 817 945 sacerdotis
835 924 861 959 ,
918 878 1025 961 qui
1078 876 1257 943 febre‘
1308 880 1797 967 corripiebatur,
1861 887 1984 953 sub
2035 901 2149 956 cu·-

270 996 402 1080 jus
444 1012 825 1079 paroxysmo
846 1040 871 1075 ,
913 994 1135 1077 quavis
1186 994 1366 1077 vice,
1409 995 1800 1063 inflammatio
1851 1005 2158 1074 membra-

270 1130 413 1178 nae
452 1112 891 1197 coniunctivae
938 1126 1003 1177 et
1035 1111 1460 1195 cartilaginum
1497 1113 1736 1179 narium
1781 1113 2154 1185 observaba-

276 1241 428 1296 tur.
475 1220 645 1295 Haec
688 1230 1015 1295 oculorum
1058 1239 1119 1294 et
1150 1226 1285 1294 nasi
1332 1229 1732 1297 inflammatio
1774 1231 2155 1302 increscebat

276 1354 361 1414 ‘et
417 1366 559 1415 cum
616 1348 750 1431 ipsa
810 1346 983 1413 febre
1030 1347 1371 1431 augebatur
1396 1394 1420 1429 ,
1501 1366 1698 1429 eaque
1755 1349 2108 1433 disparente
2128 1396 2155 1432 ,

278 1463 794 1548 diminuebatur,
860 1477 1125 1531 attamen
1196 1452 1263 1529 in
1328 1464 1622 1548 apyrexia
1690 1483 1820 1531 non
1892 1471 2154 1551 prorsus

280 1579 600 1647 cessabat.
680 1579 857 1645 Huic
912 1596 1115 1644 rerum
1154 1577 1504 1644 conditioni
1565 1582 1995 1664 gasti-icismus
2055 1604 2160 1651 ac·

280 1696 595 1777 cedebat,
661 1698 771 1779 qui
838 1695 1097 1762 emetica
1135 1710 1198 1759 et
1238 1696 1566 1780 purgantia
1619 1696 1958 1767 indicabat.
2042 1700 2158 1766 Pa-

291 1812 454 1879 riter
524 1810 776 1879 affectio
858 1811 1065 1895 topica
1145 1810 1542 1876 hirudinibus
1624 1826 1687 1879 et
1757 1814 2156 1899 epispasticis

285 1930 635 1995 curabatur
651 1976 679 2010 ,
768 1930 1011 1994 ta‘ndem
1060 1926 1317 1994 corticis
1386 1928 1707 2011 peruviani
1767 1948 1892 1996 usu
1947 1933 2152 1999 omnis

286 2043 549 2113 affectio
595 2044 903 2112 cessabat.

385 2162 559 2229 Haec
603 2162 821 2229 Febris
860 2161 1271 2229 intermittens
1318 2164 1526 2251 topica
1549 2208 1572 2243 ,
1617 2179 1747 2229 non
1786 2163 2018 2231 larvata
2062 2164 2160 2231 di·

284 2280 488 2348 cenda
527 2296 665 2361 est,
710 2280 856 2362 quia
898 2294 1313 2363 symptomata
1350 2282 1508 2344 ultra
1569 2277 1814 2344 finitum
1849 2297 2154 2363 paroxys-

283 2414 461 2465 mum
492 2388 683 2462 'etiam
726 2396 1127 2478 perstabant3
1170 2412 1373 2478 neque
1411 2394 1866 2461 comitata·dici
1881 2390 2148 2480 potest,

282 2516 635 2599 quia'nulia
658 2512 1137 2598 praeqispositio
1154 2559 1180 2594 ,
1222 2526 1329 2579 aut
1345 2514 1632 2595 corporis
1672 2509 2094 2579 conformatio
2119 2558 2146 2594 ,

286 2634 485 2718 hujus
521 2628 873 2696 affectionis
913 2628 1245 2711 proventui
1282 2628 1502 2693 favens
1539 2630 1738 2693 adest.
1829 2630 1998 2693 Haec
2015 2627 2150 2709 igi·-

288 2736 401 2815 'tur
445 2744 696 2811 affectio
748 2762 783 2808 a
826 2743 1125 2807 suscitata
1162 2740 1354 2808 febris
1400 2741 1756 2823 reactione,
1801 2740 2014 2826 topica
2053 2740 2151 2806 in·

286 2864 641 2932 termittens
688 2860 941 2925 dicitur.

282 3026 287 3031 ·
380 2982 537 3051 Non
590 2978 768 3063 parvi
817 2975 1117 3043 momenti
1172 2975 1468 3041 habemus
1494 3022 1520 3057 ,
1604 2989 1678 3041 ut
1731 2992 1978 3059 semper
2026 2970 2150 3042 'rite

284 3098 641 3167 attendatur
696 3082 776 3160 ad
842 3090 1183 3176 genuinum
1251 3089 1539 3157 Febrium
1609 3089 2146 3160 intermittendum

286 3221 659 3285 larvatarum
702 3212 1111 3277 characterem
1136 3256 1159 3290 ,
1223 3225 1327 3273 ne·
1360 3226 1568 3273 earum
1632 3226 1926 3276 numerus
1985 3213 2148 3281 ultra

293 3334 726 3400 necessitatem
764 3340 1106 3411 augeatur,
1173 3326 1347 3407 quod
1385 3324 1568 3393 facile
1609 3326 1784 3393 fieret
1809 3375 1832 3409 ,
1881 3329 1941 3395 si
1973 3332 2142 3396 hunc

290 3451 631 3535 genuinum
662 3448 1088 3511 ‘characterem
1110 3490 1133 3525 ,
1174 3462 1306 3510 non
1356 3460 1536 3510 caute
1571 3459 2145 3528 perscrutaremur-3

296 3582 421 3651 qua
467 3566 534 3631 in
592 3581 663 3629 re
708 3562 913 3645 magni
944 3562 1337 3645 ‘ceteroquin
1380 3562 1445 3625 in
1491 3561 1790 3627 medicina
1835 3560 1952 3625 viri
1993 3576 2142 3644 pec·

296 3700 557 3764 cavere,
596 3679 759 3747 inter
781 3696 943 3762 quos
972 3677 1327 3747 nominasse
1363 3674 1625 3743 sufficiat
1662 3674 1709 3743 S
1729 3689 1819 3741 to
1841 3676 1944 3740 lli
1965 3694 2006 3742 u
2027 3696 2086 3741 m
2109 3722 2136 3758 ,

2023 3795 2136 3879 qui

356 3938 443 4007 (t)
480 3938 577 4001 op.
622 3936 747 3996 etr„
779 3946 889 3995 paz.
926 3946 1041 3995 ayt.
