<?xml version="1.0" encoding="UTF-8"?>
<!DOCTYPE html PUBLIC "-//W3C//DTD XHTML 1.0 Transitional//EN"
    "http://www.w3.org/TR/xhtml1/DTD/xhtml1-transitional.dtd">
<html xmlns="http://www.w3.org/1999/xhtml" xml:lang="en" lang="en">
 <head>
  <title>
</title>
<meta http-equiv="Content-Type" content="text/html;charset=utf-8" />
  <meta name='ocr-system' content='tesseract 3.04.00' />
  <meta name='ocr-capabilities' content='ocr_page ocr_carea ocr_par ocr_line ocrx_word'/>
</head>
<body>
  <div class='ocr_page' id='page_1' title='image "annalesacademia02unkngoog_0419.png"; bbox 0 0 2809 4992; ppageno 0'>
   <div class='ocr_carea' id='block_1_1' title="bbox 563 431 1965 525">
    <p class='ocr_par' dir='ltr' id='par_1_1' title="bbox 563 431 1965 525">
     <span class='ocr_line' id='line_1_1' title="bbox 563 431 1965 525; baseline -0.001 0"><span class='ocrx_word' id='word_1_1' title='bbox 563 476 640 525; x_wconf 70' lang='lat' dir='ltr'><strong>vn</strong></span> <span class='ocrx_word' id='word_1_2' title='bbox 1038 431 1965 523; x_wconf 69' lang='lat' dir='ltr'><strong>PROOEMIUM.</strong></span> 
     </span>
    </p>
   </div>
   <div class='ocr_carea' id='block_1_2' title="bbox 557 635 2469 4001">
    <p class='ocr_par' dir='ltr' id='par_1_2' title="bbox 557 635 2419 1291">
     <span class='ocr_line' id='line_1_2' title="bbox 561 635 2411 723; baseline 0.002 -16"><span class='ocrx_word' id='word_1_3' title='bbox 561 658 658 707; x_wconf 85' lang='lat' dir='ltr'><strong>res</strong></span> <span class='ocrx_word' id='word_1_4' title='bbox 677 686 702 721; x_wconf 92' lang='lat'>‚</span> <span class='ocrx_word' id='word_1_5' title='bbox 743 641 817 707; x_wconf 85' lang='lat' dir='ltr'><strong>ad</strong></span> <span class='ocrx_word' id='word_1_6' title='bbox 855 637 1279 705; x_wconf 87' lang='lat' dir='ltr'><strong>tristissimum</strong></span> <span class='ocrx_word' id='word_1_7' title='bbox 1315 635 1611 703; x_wconf 80' lang='lat' dir='ltr'>morbum</span> <span class='ocrx_word' id='word_1_8' title='bbox 1664 636 2095 706; x_wconf 86' lang='lat' dir='ltr'><strong>debellandum</strong></span> <span class='ocrx_word' id='word_1_9' title='bbox 2114 686 2140 723; x_wconf 91' lang='lat'>‚</span> <span class='ocrx_word' id='word_1_10' title='bbox 2178 644 2411 711; x_wconf 70' lang='lat' dir='ltr'><strong>studiis</strong></span> 
     </span>
     <span class='ocr_line' id='line_1_3' title="bbox 557 754 2407 842; baseline -0.002 -21"><span class='ocrx_word' id='word_1_11' title='bbox 557 770 708 823; x_wconf 83' lang='lat' dir='ltr'><strong>tunc</strong></span> <span class='ocrx_word' id='word_1_12' title='bbox 766 756 990 823; x_wconf 90' lang='lat' dir='ltr'><strong>iterum</strong></span> <span class='ocrx_word' id='word_1_13' title='bbox 1037 770 1258 838; x_wconf 79' lang='lat' dir='ltr'><strong>magna</strong></span> <span class='ocrx_word' id='word_1_14' title='bbox 1301 772 1380 819; x_wconf 82' lang='lat' dir='ltr'><strong>ex</strong></span> <span class='ocrx_word' id='word_1_15' title='bbox 1426 765 1601 835; x_wconf 86' lang='lat' dir='ltr'><strong>parte</strong></span> <span class='ocrx_word' id='word_1_16' title='bbox 1650 754 2019 821; x_wconf 74' lang='lat' dir='ltr'>intermissis</span> <span class='ocrx_word' id='word_1_17' title='bbox 2038 804 2062 839; x_wconf 90' lang='lat'>,</span> <span class='ocrx_word' id='word_1_18' title='bbox 2120 761 2407 842; x_wconf 77' lang='lat' dir='ltr'><strong>gravissi..</strong></span> 
     </span>
     <span class='ocr_line' id='line_1_4' title="bbox 563 868 2401 957; baseline 0.001 -16"><span class='ocrx_word' id='word_1_19' title='bbox 563 893 694 941; x_wconf 87' lang='lat' dir='ltr'><strong>mae</strong></span> <span class='ocrx_word' id='word_1_20' title='bbox 728 872 931 941; x_wconf 82' lang='lat' dir='ltr'><strong>fatalis</strong></span> <span class='ocrx_word' id='word_1_21' title='bbox 977 870 1184 937; x_wconf 82' lang='lat' dir='ltr'>morbi</span> <span class='ocrx_word' id='word_1_22' title='bbox 1221 868 1531 935; x_wconf 80' lang='lat' dir='ltr'><strong>curationi</strong></span> <span class='ocrx_word' id='word_1_23' title='bbox 1570 872 1818 937; x_wconf 80' lang='lat' dir='ltr'><strong>studere</strong></span> <span class='ocrx_word' id='word_1_24' title='bbox 1854 872 2059 954; x_wconf 89' lang='lat' dir='ltr'><strong>incepi</strong></span> <span class='ocrx_word' id='word_1_25' title='bbox 2094 920 2123 956; x_wconf 92' lang='lat'>‚</span> <span class='ocrx_word' id='word_1_26' title='bbox 2162 893 2287 957; x_wconf 88' lang='lat' dir='ltr'><strong>quo</strong></span> <span class='ocrx_word' id='word_1_27' title='bbox 2334 894 2401 942; x_wconf 86' lang='lat' dir='ltr'><strong>et</strong></span> 
     </span>
     <span class='ocr_line' id='line_1_5' title="bbox 565 985 2411 1074; baseline -0.006 -18"><span class='ocrx_word' id='word_1_28' title='bbox 565 987 1102 1074; x_wconf 81' lang='lat' dir='ltr'><strong>opportunitatem</strong></span> <span class='ocrx_word' id='word_1_29' title='bbox 1123 1032 1149 1069; x_wconf 91' lang='lat'>‚</span> <span class='ocrx_word' id='word_1_30' title='bbox 1193 1004 1376 1051; x_wconf 84' lang='lat' dir='ltr'><strong>unam</strong></span> <span class='ocrx_word' id='word_1_31' title='bbox 1436 985 1710 1051; x_wconf 87' lang='lat' dir='ltr'><strong>omnium</strong></span> <span class='ocrx_word' id='word_1_32' title='bbox 1756 1006 1988 1071; x_wconf 82' lang='lat' dir='ltr'><strong>raram,</strong></span> <span class='ocrx_word' id='word_1_33' title='bbox 2034 990 2202 1057; x_wconf 81' lang='lat' dir='ltr'><strong>haud</strong></span> <span class='ocrx_word' id='word_1_34' title='bbox 2238 992 2411 1058; x_wconf 73' lang='lat' dir='ltr'><strong>mit.</strong></span> 
     </span>
     <span class='ocr_line' id='line_1_6' title="bbox 559 1102 2419 1190; baseline 0.003 -19"><span class='ocrx_word' id='word_1_35' title='bbox 559 1122 756 1173; x_wconf 88' lang='lat' dir='ltr'><strong>terem</strong></span> <span class='ocrx_word' id='word_1_36' title='bbox 808 1120 880 1171; x_wconf 88' lang='lat' dir='ltr'><strong>ut</strong></span> <span class='ocrx_word' id='word_1_37' title='bbox 921 1123 990 1170; x_wconf 89' lang='lat' dir='ltr'><strong>re</strong></span> <span class='ocrx_word' id='word_1_38' title='bbox 1031 1122 1174 1171; x_wconf 83' lang='lat' dir='ltr'><strong>vera</strong></span> <span class='ocrx_word' id='word_1_39' title='bbox 1235 1102 1468 1173; x_wconf 82' lang='lat' dir='ltr'>Patriae</span> <span class='ocrx_word' id='word_1_40' title='bbox 1514 1102 1820 1190; x_wconf 83' lang='lat' dir='ltr'><strong>juveniles</strong></span> <span class='ocrx_word' id='word_1_41' title='bbox 1877 1106 2038 1173; x_wconf 87' lang='lat' dir='ltr'><strong>vires</strong></span> <span class='ocrx_word' id='word_1_42' title='bbox 2092 1124 2419 1177; x_wconf 80' lang='lat' dir='ltr'><strong>consecra·</strong></span> 
     </span>
     <span class='ocr_line' id='line_1_7' title="bbox 565 1241 722 1291; baseline 0.025 -4"><span class='ocrx_word' id='word_1_43' title='bbox 565 1241 722 1291; x_wconf 86' lang='lat' dir='ltr'><strong>rem.</strong></span> 
     </span>
    </p>

    <p class='ocr_par' dir='ltr' id='par_1_3' title="bbox 558 1335 2445 2825">
     <span class='ocr_line' id='line_1_8' title="bbox 649 1335 2420 1420; baseline 0.002 -15"><span class='ocrx_word' id='word_1_44' title='bbox 649 1336 840 1420; x_wconf 83' lang='lat' dir='ltr'><strong>Etsi,</strong></span> <span class='ocrx_word' id='word_1_45' title='bbox 901 1336 1014 1403; x_wconf 85' lang='lat' dir='ltr'><strong>hae</strong></span> <span class='ocrx_word' id='word_1_46' title='bbox 1071 1335 1473 1418; x_wconf 85' lang='lat' dir='ltr'><strong>difficultate,</strong></span> <span class='ocrx_word' id='word_1_47' title='bbox 1526 1338 1853 1405; x_wconf 82' lang='lat' dir='ltr'><strong>aooedente</strong></span> <span class='ocrx_word' id='word_1_48' title='bbox 1908 1357 2227 1407; x_wconf 81' lang='lat' dir='ltr'><strong>concursu</strong></span> <span class='ocrx_word' id='word_1_49' title='bbox 2280 1354 2420 1408; x_wconf 87' lang='lat' dir='ltr'><strong>stu·</strong></span> 
     </span>
     <span class='ocr_line' id='line_1_9' title="bbox 559 1452 2420 1543; baseline 0.001 -22"><span class='ocrx_word' id='word_1_50' title='bbox 559 1454 804 1521; x_wconf 86' lang='lat' dir='ltr'><strong>diorum</strong></span> <span class='ocrx_word' id='word_1_51' title='bbox 857 1452 1336 1520; x_wconf 77' lang='lat' dir='ltr'><strong>academicorum</strong></span> <span class='ocrx_word' id='word_1_52' title='bbox 1363 1499 1388 1534; x_wconf 92' lang='lat'>‚</span> <span class='ocrx_word' id='word_1_53' title='bbox 1460 1454 1793 1537; x_wconf 81' lang='lat' dir='ltr'><strong>depressus</strong></span> <span class='ocrx_word' id='word_1_54' title='bbox 1848 1472 2042 1521; x_wconf 86' lang='lat' dir='ltr'><strong>essem</strong></span> <span class='ocrx_word' id='word_1_55' title='bbox 2064 1504 2092 1538; x_wconf 90' lang='lat'><strong>,</strong></span> <span class='ocrx_word' id='word_1_56' title='bbox 2166 1456 2420 1543; x_wconf 84' lang='lat' dir='ltr'><strong>Quaes-</strong></span> 
     </span>
     <span class='ocr_line' id='line_1_10' title="bbox 558 1568 2406 1657; baseline 0.001 -20"><span class='ocrx_word' id='word_1_57' title='bbox 558 1572 652 1637; x_wconf 85' lang='lat' dir='ltr'><strong>tio</strong></span> <span class='ocrx_word' id='word_1_58' title='bbox 707 1586 907 1637; x_wconf 82' lang='lat' dir='ltr'><strong>tamen</strong></span> <span class='ocrx_word' id='word_1_59' title='bbox 955 1589 992 1636; x_wconf 88' lang='lat' dir='ltr'><strong>a</strong></span> <span class='ocrx_word' id='word_1_60' title='bbox 1041 1569 1218 1635; x_wconf 89' lang='lat' dir='ltr'><strong>Nob.</strong></span> <span class='ocrx_word' id='word_1_61' title='bbox 1265 1568 1416 1636; x_wconf 85' lang='lat' dir='ltr'><strong>Fac.</strong></span> <span class='ocrx_word' id='word_1_62' title='bbox 1458 1572 1833 1655; x_wconf 69' lang='lat' dir='ltr'><strong>proposita,</strong></span> <span class='ocrx_word' id='word_1_63' title='bbox 1910 1587 2164 1656; x_wconf 86' lang='lat' dir='ltr'><strong>propter</strong></span> <span class='ocrx_word' id='word_1_64' title='bbox 2218 1592 2406 1657; x_wconf 79' lang='lat' dir='ltr'><strong>argu-</strong></span> 
     </span>
     <span class='ocr_line' id='line_1_11' title="bbox 563 1686 2391 1773; baseline 0.002 -22"><span class='ocrx_word' id='word_1_65' title='bbox 563 1689 752 1751; x_wconf 88' lang='lat' dir='ltr'><strong>menti</strong></span> <span class='ocrx_word' id='word_1_66' title='bbox 811 1700 872 1751; x_wconf 87' lang='lat' dir='ltr'><strong>et</strong></span> <span class='ocrx_word' id='word_1_67' title='bbox 911 1686 1282 1753; x_wconf 81' lang='lat' dir='ltr'><strong>suavitatem</strong></span> <span class='ocrx_word' id='word_1_68' title='bbox 1349 1700 1412 1752; x_wconf 88' lang='lat' dir='ltr'><strong>et</strong></span> <span class='ocrx_word' id='word_1_69' title='bbox 1468 1688 1817 1773; x_wconf 79' lang='lat' dir='ltr'><strong>gravitatem</strong></span> <span class='ocrx_word' id='word_1_70' title='bbox 1838 1733 1862 1769; x_wconf 89' lang='lat'><strong>‚</strong></span> <span class='ocrx_word' id='word_1_71' title='bbox 1944 1688 2029 1754; x_wconf 84' lang='lat' dir='ltr'><strong>ita</strong></span> <span class='ocrx_word' id='word_1_72' title='bbox 2084 1688 2391 1755; x_wconf 86' lang='lat' dir='ltr'><strong>continuo</strong></span> 
     </span>
     <span class='ocr_line' id='line_1_12' title="bbox 561 1802 2399 1885; baseline 0 -16"><span class='ocrx_word' id='word_1_73' title='bbox 561 1802 714 1869; x_wconf 86' lang='lat' dir='ltr'><strong>mihi</strong></span> <span class='ocrx_word' id='word_1_74' title='bbox 786 1802 993 1873; x_wconf 75' lang='lat' dir='ltr'><strong>arrisit</strong></span> <span class='ocrx_word' id='word_1_75' title='bbox 1029 1850 1053 1885; x_wconf 89' lang='lat'><strong>‚</strong></span> <span class='ocrx_word' id='word_1_76' title='bbox 1137 1816 1214 1867; x_wconf 90' lang='lat' dir='ltr'><strong>ut</strong></span> <span class='ocrx_word' id='word_1_77' title='bbox 1281 1802 1497 1871; x_wconf 76' lang='lat' dir='ltr'><strong>nunus</strong></span> <span class='ocrx_word' id='word_1_78' title='bbox 1576 1802 1977 1871; x_wconf 75' lang='lat' dir='ltr'><strong>dubitaverim</strong></span> <span class='ocrx_word' id='word_1_79' title='bbox 2053 1818 2117 1869; x_wconf 89' lang='lat' dir='ltr'><strong>et</strong></span> <span class='ocrx_word' id='word_1_80' title='bbox 2188 1822 2399 1870; x_wconf 85' lang='lat' dir='ltr'><strong>meum</strong></span> 
     </span>
     <span class='ocr_line' id='line_1_13' title="bbox 569 1918 2409 2009; baseline -0.002 -17"><span class='ocrx_word' id='word_1_81' title='bbox 569 1923 874 2005; x_wconf 75' lang='grc' dir='ltr'><strong>σύμβδλόν</strong></span> <span class='ocrx_word' id='word_1_82' title='bbox 923 1918 1212 1987; x_wconf 80' lang='lat' dir='ltr'><strong>conferre</strong></span> <span class='ocrx_word' id='word_1_83' title='bbox 1271 1938 1413 1987; x_wconf 87' lang='lat' dir='ltr'><strong>cum</strong></span> <span class='ocrx_word' id='word_1_84' title='bbox 1470 1920 1546 1987; x_wconf 90' lang='lat' dir='ltr'><strong>iis</strong></span> <span class='ocrx_word' id='word_1_85' title='bbox 1572 1968 1597 2003; x_wconf 91' lang='lat'>‚</span> <span class='ocrx_word' id='word_1_86' title='bbox 1670 1922 1780 2005; x_wconf 89' lang='lat' dir='ltr'><strong>qui</strong></span> <span class='ocrx_word' id='word_1_87' title='bbox 1838 1923 1972 2009; x_wconf 78' lang='lat' dir='ltr'><strong>ejus</strong></span> <span class='ocrx_word' id='word_1_88' title='bbox 2040 1922 2409 2008; x_wconf 76' lang='lat' dir='ltr'><strong>responsio·</strong></span> 
     </span>
     <span class='ocr_line' id='line_1_14' title="bbox 567 2040 2422 2124; baseline 0.002 -21"><span class='ocrx_word' id='word_1_89' title='bbox 567 2054 709 2103; x_wconf 82' lang='lat' dir='ltr'><strong>nem</strong></span> <span class='ocrx_word' id='word_1_90' title='bbox 780 2040 1127 2124; x_wconf 74' lang='lat' dir='ltr'><strong>aggressuri</strong></span> <span class='ocrx_word' id='word_1_91' title='bbox 1193 2052 1443 2121; x_wconf 83' lang='lat' dir='ltr'><strong>essent3</strong></span> <span class='ocrx_word' id='word_1_92' title='bbox 1516 2056 1676 2106; x_wconf 86' lang='lat' dir='ltr'><strong>-cum</strong></span> <span class='ocrx_word' id='word_1_93' title='bbox 1736 2041 1906 2123; x_wconf 83' lang='lat' dir='ltr'><strong>apud</strong></span> <span class='ocrx_word' id='word_1_94' title='bbox 1964 2058 2067 2106; x_wconf 90' lang='lat' dir='ltr'><strong>me</strong></span> <span class='ocrx_word' id='word_1_95' title='bbox 2112 2054 2367 2106; x_wconf 84' lang='lat' dir='ltr'><strong>constet</strong></span> <span class='ocrx_word' id='word_1_96' title='bbox 2397 2086 2422 2123; x_wconf 88' lang='lat'><strong>,</strong></span> 
     </span>
     <span class='ocr_line' id='line_1_15' title="bbox 570 2154 2429 2226; baseline 0 -5"><span class='ocrx_word' id='word_1_97' title='bbox 570 2172 702 2223; x_wconf 89' lang='lat' dir='ltr'><strong>tum</strong></span> <span class='ocrx_word' id='word_1_98' title='bbox 763 2158 1009 2224; x_wconf 85' lang='lat' dir='ltr'><strong>demum</strong></span> <span class='ocrx_word' id='word_1_99' title='bbox 1051 2155 1184 2226; x_wconf 81' lang='lat' dir='ltr'><strong>,rite</strong></span> <span class='ocrx_word' id='word_1_100' title='bbox 1233 2154 1466 2223; x_wconf 77' lang='lat' dir='ltr'><strong>Patriae</strong></span> <span class='ocrx_word' id='word_1_101' title='bbox 1526 2156 1875 2223; x_wconf 85' lang='lat' dir='ltr'><strong>commodis</strong></span> <span class='ocrx_word' id='word_1_102' title='bbox 1928 2156 2237 2223; x_wconf 81' lang='lat' dir='ltr'><strong>inservire</strong></span> <span class='ocrx_word' id='word_1_103' title='bbox 2298 2173 2429 2221; x_wconf 85' lang='lat' dir='ltr'><strong>me·</strong></span> 
     </span>
     <span class='ocr_line' id='line_1_16' title="bbox 567 2270 2417 2356; baseline 0.001 -19"><span class='ocrx_word' id='word_1_104' title='bbox 567 2271 770 2337; x_wconf 85' lang='lat' dir='ltr'><strong>dicum</strong></span> <span class='ocrx_word' id='word_1_105' title='bbox 793 2318 817 2351; x_wconf 90' lang='lat'><strong>,</strong></span> <span class='ocrx_word' id='word_1_106' title='bbox 901 2273 956 2337; x_wconf 88' lang='lat' dir='ltr'><strong>si</strong></span> <span class='ocrx_word' id='word_1_107' title='bbox 1035 2273 1100 2337; x_wconf 89' lang='lat' dir='ltr'><strong>in</strong></span> <span class='ocrx_word' id='word_1_108' title='bbox 1171 2271 1623 2356; x_wconf 70' lang='lat' dir='ltr'><strong>cognoscendis</strong></span> <span class='ocrx_word' id='word_1_109' title='bbox 1644 2316 1668 2351; x_wconf 88' lang='lat'><strong>,</strong></span> <span class='ocrx_word' id='word_1_110' title='bbox 1754 2290 1913 2352; x_wconf 89' lang='lat' dir='ltr'><strong>quae</strong></span> <span class='ocrx_word' id='word_1_111' title='bbox 1982 2270 2293 2352; x_wconf 83' lang='lat' dir='ltr'><strong>imprimis</strong></span> <span class='ocrx_word' id='word_1_112' title='bbox 2356 2272 2417 2338; x_wconf 83' lang='lat' dir='ltr'><strong>ei</strong></span> 
     </span>
     <span class='ocr_line' id='line_1_17' title="bbox 561 2384 2407 2473; baseline -0.001 -21"><span class='ocrx_word' id='word_1_113' title='bbox 561 2388 848 2473; x_wconf 85' lang='lat' dir='ltr'><strong>propriae</strong></span> <span class='ocrx_word' id='word_1_114' title='bbox 899 2403 1051 2453; x_wconf 89' lang='lat' dir='ltr'><strong>sunt</strong></span> <span class='ocrx_word' id='word_1_115' title='bbox 1073 2436 1098 2469; x_wconf 90' lang='lat'>‚</span> <span class='ocrx_word' id='word_1_116' title='bbox 1141 2388 1576 2455; x_wconf 81' lang='lat' dir='ltr'><strong>affectionibus</strong></span> <span class='ocrx_word' id='word_1_117' title='bbox 1608 2384 1877 2453; x_wconf 88' lang='lat' dir='ltr'><strong>studium</strong></span> <span class='ocrx_word' id='word_1_118' title='bbox 1918 2384 2229 2468; x_wconf 82' lang='lat' dir='ltr'><strong>posuerit.</strong></span> <span class='ocrx_word' id='word_1_119' title='bbox 2301 2386 2407 2453; x_wconf 85' lang='lat' dir='ltr'><strong>Eo</strong></span> 
     </span>
     <span class='ocr_line' id='line_1_18' title="bbox 561 2499 2415 2593; baseline -0.006 -22"><span class='ocrx_word' id='word_1_120' title='bbox 561 2503 878 2571; x_wconf 88' lang='lat' dir='ltr'><strong>lubentius</strong></span> <span class='ocrx_word' id='word_1_121' title='bbox 939 2503 1132 2587; x_wconf 84' lang='lat' dir='ltr'><strong>igitur</strong></span> <span class='ocrx_word' id='word_1_122' title='bbox 1177 2508 1332 2572; x_wconf 84' lang='lat' dir='ltr'><strong>hanc</strong></span> <span class='ocrx_word' id='word_1_123' title='bbox 1389 2504 1816 2593; x_wconf 82' lang='lat' dir='ltr'><strong>Quaestionem</strong></span> <span class='ocrx_word' id='word_1_124' title='bbox 1868 2501 2246 2567; x_wconf 82' lang='lat' dir='ltr'><strong>tractandam</strong></span> <span class='ocrx_word' id='word_1_125' title='bbox 2274 2499 2415 2567; x_wconf 80' lang='lat' dir='ltr'><strong>mi..</strong></span> 
     </span>
     <span class='ocr_line' id='line_1_19' title="bbox 561 2618 2445 2707; baseline -0.002 -18"><span class='ocrx_word' id='word_1_126' title='bbox 561 2623 630 2689; x_wconf 89' lang='lat' dir='ltr'><strong>hi</strong></span> <span class='ocrx_word' id='word_1_127' title='bbox 681 2623 968 2707; x_wconf 82' lang='lat' dir='ltr'><strong>sumpsi,</strong></span> <span class='ocrx_word' id='word_1_128' title='bbox 1015 2642 1146 2705; x_wconf 89' lang='lat' dir='ltr'><strong>quo</strong></span> <span class='ocrx_word' id='word_1_129' title='bbox 1203 2624 1466 2707; x_wconf 68' lang='lat' dir='ltr'><strong>maiores</strong></span> <span class='ocrx_word' id='word_1_130' title='bbox 1515 2624 1579 2689; x_wconf 88' lang='lat' dir='ltr'><strong>in</strong></span> <span class='ocrx_word' id='word_1_131' title='bbox 1620 2620 1794 2706; x_wconf 83' lang='lat' dir='ltr'><strong>praxi</strong></span> <span class='ocrx_word' id='word_1_132' title='bbox 1840 2619 2179 2704; x_wconf 75' lang='lat' dir='ltr'><strong>aliquando</strong></span> <span class='ocrx_word' id='word_1_133' title='bbox 2234 2618 2445 2685; x_wconf 79' lang='lat' dir='ltr'><strong>fruc--</strong></span> 
     </span>
     <span class='ocr_line' id='line_1_20' title="bbox 559 2735 2169 2825; baseline -0.002 -18"><span class='ocrx_word' id='word_1_134' title='bbox 559 2755 666 2809; x_wconf 88' lang='lat' dir='ltr'><strong>tus</strong></span> <span class='ocrx_word' id='word_1_135' title='bbox 705 2740 847 2808; x_wconf 86' lang='lat' dir='ltr'><strong>inde</strong></span> <span class='ocrx_word' id='word_1_136' title='bbox 899 2756 1304 2825; x_wconf 79' lang='lat' dir='ltr'><strong>percepturus</strong></span> <span class='ocrx_word' id='word_1_137' title='bbox 1345 2760 1486 2809; x_wconf 87' lang='lat' dir='ltr'><strong>esse</strong></span> <span class='ocrx_word' id='word_1_138' title='bbox 1507 2786 1533 2823; x_wconf 91' lang='lat'>‚</span> <span class='ocrx_word' id='word_1_139' title='bbox 1574 2735 1731 2807; x_wconf 84' lang='lat' dir='ltr'><strong>mihi</strong></span> <span class='ocrx_word' id='word_1_140' title='bbox 1766 2738 1943 2805; x_wconf 85' lang='lat' dir='ltr'><strong>visus</strong></span> <span class='ocrx_word' id='word_1_141' title='bbox 1980 2756 2169 2804; x_wconf 86' lang='lat' dir='ltr'><strong>sum.·</strong></span> 
     </span>
    </p>

    <p class='ocr_par' dir='ltr' id='par_1_4' title="bbox 561 2854 2415 3643">
     <span class='ocr_line' id='line_1_21' title="bbox 641 2854 2415 2943; baseline -0.003 -16"><span class='ocrx_word' id='word_1_142' title='bbox 641 2860 1050 2943; x_wconf 79' lang='lat' dir='ltr'><strong>Nequaquam</strong></span> <span class='ocrx_word' id='word_1_143' title='bbox 1099 2875 1302 2926; x_wconf 88' lang='lat' dir='ltr'><strong>autem</strong></span> <span class='ocrx_word' id='word_1_144' title='bbox 1345 2872 1561 2925; x_wconf 87' lang='lat' dir='ltr'><strong>vestro</strong></span> <span class='ocrx_word' id='word_1_145' title='bbox 1600 2858 1691 2923; x_wconf 87' lang='lat' dir='ltr'><strong>V.</strong></span> <span class='ocrx_word' id='word_1_146' title='bbox 1736 2857 1828 2925; x_wconf 87' lang='lat' dir='ltr'><strong>V.</strong></span> <span class='ocrx_word' id='word_1_147' title='bbox 1878 2857 1960 2923; x_wconf 90' lang='lat' dir='ltr'><strong>C.</strong></span> <span class='ocrx_word' id='word_1_148' title='bbox 2002 2855 2136 2924; x_wconf 57' lang='grc' dir='ltr'><strong>ΟΛ</strong></span> <span class='ocrx_word' id='word_1_149' title='bbox 2174 2854 2415 2939; x_wconf 75' lang='lat' dir='ltr'><strong>iudicio</strong></span> 
     </span>
     <span class='ocr_line' id='line_1_22' title="bbox 563 2972 2415 3056; baseline 0 -15"><span class='ocrx_word' id='word_1_150' title='bbox 563 2994 756 3041; x_wconf 87' lang='lat' dir='ltr'><strong>meam</strong></span> <span class='ocrx_word' id='word_1_151' title='bbox 817 2976 1186 3043; x_wconf 88' lang='lat' dir='ltr'><strong>submittere</strong></span> <span class='ocrx_word' id='word_1_152' title='bbox 1232 2972 1817 3043; x_wconf 82' lang='lat' dir='ltr'><strong>commentationem</strong></span> <span class='ocrx_word' id='word_1_153' title='bbox 1858 2993 2048 3041; x_wconf 85' lang='lat' dir='ltr'><strong>ausus</strong></span> <span class='ocrx_word' id='word_1_154' title='bbox 2102 2972 2363 3041; x_wconf 86' lang='lat' dir='ltr'><strong>fuissem</strong></span> <span class='ocrx_word' id='word_1_155' title='bbox 2388 3021 2415 3056; x_wconf 88' lang='lat'><strong>,</strong></span> 
     </span>
     <span class='ocr_line' id='line_1_23' title="bbox 565 3090 2410 3173; baseline 0.001 -19"><span class='ocrx_word' id='word_1_156' title='bbox 565 3090 692 3155; x_wconf 88' lang='lat' dir='ltr'><strong>nisi</strong></span> <span class='ocrx_word' id='word_1_157' title='bbox 749 3093 916 3173; x_wconf 81' lang='lat' dir='ltr'><strong>apud</strong></span> <span class='ocrx_word' id='word_1_158' title='bbox 981 3112 1078 3159; x_wconf 90' lang='lat' dir='ltr'><strong>me</strong></span> <span class='ocrx_word' id='word_1_159' title='bbox 1153 3095 1231 3159; x_wconf 92' lang='lat' dir='ltr'><strong>de</strong></span> <span class='ocrx_word' id='word_1_160' title='bbox 1289 3096 1617 3161; x_wconf 86' lang='lat' dir='ltr'><strong>doctorum</strong></span> <span class='ocrx_word' id='word_1_161' title='bbox 1674 3106 1746 3157; x_wconf 88' lang='lat' dir='ltr'><strong>et</strong></span> <span class='ocrx_word' id='word_1_162' title='bbox 1804 3093 2195 3159; x_wconf 86' lang='lat' dir='ltr'><strong>eruditorum·</strong></span> <span class='ocrx_word' id='word_1_163' title='bbox 2246 3091 2410 3157; x_wconf 84' lang='lat' dir='ltr'><strong>viro-</strong></span> 
     </span>
     <span class='ocr_line' id='line_1_24' title="bbox 561 3206 2397 3291; baseline -0.002 -19"><span class='ocrx_word' id='word_1_164' title='bbox 561 3227 744 3288; x_wconf 87' lang='lat' dir='ltr'><strong>rum,</strong></span> <span class='ocrx_word' id='word_1_165' title='bbox 807 3208 874 3274; x_wconf 91' lang='lat' dir='ltr'><strong>in</strong></span> <span class='ocrx_word' id='word_1_166' title='bbox 927 3212 1162 3275; x_wconf 81' lang='lat' dir='ltr'><strong>nostris</strong></span> <span class='ocrx_word' id='word_1_167' title='bbox 1215 3210 1612 3291; x_wconf 86' lang='lat' dir='ltr'><strong>Academiis,</strong></span> <span class='ocrx_word' id='word_1_168' title='bbox 1688 3206 2057 3277; x_wconf 83' lang='lat' dir='ltr'><strong>humanitate</strong></span> <span class='ocrx_word' id='word_1_169' title='bbox 2096 3224 2161 3271; x_wconf 93' lang='lat' dir='ltr'><strong>et</strong></span> <span class='ocrx_word' id='word_1_170' title='bbox 2212 3206 2397 3270; x_wconf 64' lang='lat' dir='ltr'><strong>bene-</strong></span> 
     </span>
     <span class='ocr_line' id='line_1_25' title="bbox 563 3315 2399 3409; baseline 0 -22"><span class='ocrx_word' id='word_1_171' title='bbox 563 3321 834 3387; x_wconf 88' lang='lat' dir='ltr'><strong>volentia</strong></span> <span class='ocrx_word' id='word_1_172' title='bbox 889 3315 954 3386; x_wconf 88' lang='lat' dir='ltr'><strong>in</strong></span> <span class='ocrx_word' id='word_1_173' title='bbox 1003 3322 1416 3406; x_wconf 78' lang='lat' dir='ltr'><strong>dijudicandis</strong></span> <span class='ocrx_word' id='word_1_174' title='bbox 1462 3323 1889 3393; x_wconf 85' lang='lat' dir='ltr'><strong>studiosorum</strong></span> <span class='ocrx_word' id='word_1_175' title='bbox 1924 3321 2203 3409; x_wconf 87' lang='lat' dir='ltr'><strong>primitiis</strong></span> <span class='ocrx_word' id='word_1_176' title='bbox 2242 3338 2399 3388; x_wconf 78' lang='lat' dir='ltr'><strong>con-</strong></span> 
     </span>
     <span class='ocr_line' id='line_1_26' title="bbox 562 3438 2405 3523; baseline -0.001 -18"><span class='ocrx_word' id='word_1_177' title='bbox 562 3454 752 3506; x_wconf 80' lang='lat' dir='ltr'><strong>staret</strong></span> <span class='ocrx_word' id='word_1_178' title='bbox 771 3486 796 3522; x_wconf 83' lang='lat'><strong>‚</strong></span> <span class='ocrx_word' id='word_1_179' title='bbox 858 3438 1093 3523; x_wconf 87' lang='lat' dir='ltr'><strong>quippe</strong></span> <span class='ocrx_word' id='word_1_180' title='bbox 1141 3460 1298 3523; x_wconf 85' lang='lat' dir='ltr'><strong>quae</strong></span> <span class='ocrx_word' id='word_1_181' title='bbox 1355 3445 1598 3512; x_wconf 83' lang='lat' dir='ltr'><strong>virilem</strong></span> <span class='ocrx_word' id='word_1_182' title='bbox 1656 3441 1882 3510; x_wconf 87' lang='lat' dir='ltr'><strong>referre</strong></span> <span class='ocrx_word' id='word_1_183' title='bbox 1934 3440 2205 3509; x_wconf 83' lang='lat' dir='ltr'><strong>laborem</strong></span> <span class='ocrx_word' id='word_1_184' title='bbox 2265 3440 2405 3505; x_wconf 87' lang='lat' dir='ltr'><strong>nul-</strong></span> 
     </span>
     <span class='ocr_line' id='line_1_27' title="bbox 565 3556 2011 3643; baseline 0.001 -18"><span class='ocrx_word' id='word_1_185' title='bbox 565 3560 634 3625; x_wconf 92' lang='lat' dir='ltr'><strong>lo</strong></span> <span class='ocrx_word' id='word_1_186' title='bbox 693 3560 878 3627; x_wconf 91' lang='lat' dir='ltr'><strong>modo</strong></span> <span class='ocrx_word' id='word_1_187' title='bbox 935 3556 1210 3643; x_wconf 78' lang='lat' dir='ltr'><strong>possint.</strong></span> <span class='ocrx_word' id='word_1_188' title='bbox 2002 3574 2011 3584; x_wconf 91' lang='lat'><strong>·</strong></span> 
     </span>
    </p>

    <p class='ocr_par' dir='ltr' id='par_1_5' title="bbox 565 3675 2469 4001">
     <span class='ocr_line' id='line_1_28' title="bbox 647 3675 2411 3748; baseline -0.002 -5"><span class='ocrx_word' id='word_1_189' title='bbox 647 3678 724 3743; x_wconf 86' lang='lat' dir='ltr'><strong>ln</strong></span> <span class='ocrx_word' id='word_1_190' title='bbox 781 3675 1298 3748; x_wconf 85' lang='lat' dir='ltr'><strong>commentatione</strong></span> <span class='ocrx_word' id='word_1_191' title='bbox 1365 3692 1572 3748; x_wconf 86' lang='lat' dir='ltr'><strong>autem</strong></span> <span class='ocrx_word' id='word_1_192' title='bbox 1630 3678 2074 3748; x_wconf 84' lang='lat' dir='ltr'><strong>conscribenda</strong></span> <span class='ocrx_word' id='word_1_193' title='bbox 2118 3677 2221 3743; x_wconf 84' lang='lat' dir='ltr'><strong>ita</strong></span> <span class='ocrx_word' id='word_1_194' title='bbox 2275 3692 2411 3742; x_wconf 84' lang='lat' dir='ltr'><strong>ver·</strong></span> 
     </span>
     <span class='ocr_line' id='line_1_29' title="bbox 565 3791 2409 3885; baseline -0.001 -29"><span class='ocrx_word' id='word_1_195' title='bbox 565 3808 740 3859; x_wconf 84' lang='lat' dir='ltr'><strong>satus</strong></span> <span class='ocrx_word' id='word_1_196' title='bbox 795 3814 930 3864; x_wconf 86' lang='lat' dir='ltr'><strong>sum</strong></span> <span class='ocrx_word' id='word_1_197' title='bbox 954 3844 978 3881; x_wconf 93' lang='lat'><strong>,</strong></span> <span class='ocrx_word' id='word_1_198' title='bbox 1061 3810 1134 3867; x_wconf 85' lang='lat' dir='ltr'><strong>ut</strong></span> <span class='ocrx_word' id='word_1_199' title='bbox 1197 3814 1355 3885; x_wconf 90' lang='lat' dir='ltr'><strong>quae</strong></span> <span class='ocrx_word' id='word_1_200' title='bbox 1414 3801 1491 3865; x_wconf 84' lang='lat' dir='ltr'><strong>de</strong></span> <span class='ocrx_word' id='word_1_201' title='bbox 1554 3812 1773 3867; x_wconf 87' lang='lat' dir='ltr'><strong>nostro</strong></span> <span class='ocrx_word' id='word_1_202' title='bbox 1844 3808 2207 3882; x_wconf 82' lang='lat' dir='ltr'><strong>argumento</strong></span> <span class='ocrx_word' id='word_1_203' title='bbox 2229 3838 2254 3875; x_wconf 87' lang='lat'><strong>,</strong></span> <span class='ocrx_word' id='word_1_204' title='bbox 2342 3791 2409 3855; x_wconf 88' lang='lat' dir='ltr'><strong>in</strong></span> 
     </span>
     <span class='ocr_line' id='line_1_30' title="bbox 565 3909 2469 4001; baseline -0.002 -25"><span class='ocrx_word' id='word_1_205' title='bbox 565 3909 818 3999; x_wconf 83' lang='lat' dir='ltr'><strong>optimis</strong></span> <span class='ocrx_word' id='word_1_206' title='bbox 843 3960 867 3996; x_wconf 79' lang='lat'>‚</span> <span class='ocrx_word' id='word_1_207' title='bbox 949 3933 1114 3998; x_wconf 82' lang='lat' dir='ltr'><strong>quos</strong></span> <span class='ocrx_word' id='word_1_208' title='bbox 1181 3912 1426 4001; x_wconf 73' lang='lat' dir='ltr'><strong>quiden</strong></span> <span class='ocrx_word' id='word_1_209' title='bbox 1488 3917 1637 3985; x_wconf 85' lang='lat' dir='ltr'><strong>mihi</strong></span> <span class='ocrx_word' id='word_1_210' title='bbox 1692 3934 1903 4001; x_wconf 85' lang='lat' dir='ltr'><strong>parare</strong></span> <span class='ocrx_word' id='word_1_211' title='bbox 1966 3927 2027 3979; x_wconf 89' lang='lat' dir='ltr'><strong>et</strong></span> <span class='ocrx_word' id='word_1_212' title='bbox 2088 3910 2414 3979; x_wconf 85' lang='lat' dir='ltr'><strong>consulere</strong></span> <span class='ocrx_word' id='word_1_213' title='bbox 2462 3920 2469 3929; x_wconf 92' lang='lat'><em>·</em></span> 
     </span>
    </p>
   </div>
   <div class='ocr_carea' id='block_1_3' title="bbox 2302 4040 2397 4106">
    <p class='ocr_par' dir='ltr' id='par_1_6' title="bbox 2302 4040 2397 4106">
     <span class='ocr_line' id='line_1_31' title="bbox 2302 4040 2397 4106; baseline 0 0"><span class='ocrx_word' id='word_1_214' title='bbox 2302 4040 2397 4106; x_wconf 65' lang='lat' dir='ltr'><strong>m</strong></span> 
     </span>
    </p>
   </div>
  </div>
 </body>
</html>
