2809 4992
761 474 1676 578 MED‘IC'A.[
2014 511 2100 578 ῃ

229 659 586 740 ciffisolt'no
635 663 1206 732 Richerando
1257 668 1602 755 debemus,
1638 691 1847 742 earum
1913 692 2096 746 natu-

233 805 366 858 ram
389 829 416 872 ‚
449 785 658 855 *verbo
715 796 1032 866 exponere
1075 781 1350 852 videtur.
1412 787 1631 854 Febris
1660 807 1868 862 autem
1905 795 2102 864 inter-

235 905 494 976 mittens
515 949 540 986 ‚
575 917 653 968 nt
673 915 900 970 notum
949 914 1044 968 est
1061 942 1088 982 ,
1131 900 1350 966 harum
1387 900 1658 969 febrium
1686 911 2098 982 characterem

235 1024 464 1108 magis·
497 1019 788 1087 minusve
822 1035 1144 1086 assumere
1197 1029 1412 1101 potest
1435 1067 1463 1102 ‚
1526 1019 1612 1087 ita
1660 1039 1732 1088 ut
1761 1028 1944 1092 detur
1984 1033 2102 1098 Fe.

237 1139 378 1208 bris
427 1137 843 1205 intermittens
887 1135 1358 1203 inflammatoris
1379 1184 1404 1220 ,
1468 1135 1693 1208 biliosa
1710 1187 1735 1224 ‚
1798 1161 2057 1213 mucosa
2075 1192 2105 1230 ,

237 1255 494 1344 putrida
516 1303 544 1339 ‚
585 1270 856 1324 nervosa
903 1267 1030 1322 etc·

181 1365 192 1378 ’
327 1374 644 1444 Interdum
685 1391 862 1442 suam
899 1385 1182 1439 naturam
1243 1373 1583 1441 recondere
1626 1387 1861 1461 tentat,
1902 1377 1993 1446 ita
2036 1391 2111 1448 ut

241 1492 428 1578 signa
465 1493 732 1562 Febr-ilia
779 1487 916 1559 fere
951 1507 1078 1558 non
1121 1506 1501 1586 appareant,
1542 1494 1655 1562 sed
1684 1496 1805 1562 sub
1844 1494 2105 1564 insolito

243 1624 668 1697 symptomate
721 1611 906 1676 lateat
931 1656 958 1692 ,
999 1621 1110 1676 aut
1152 1628 1187 1676 a
1234 1609 1340 1675 tali
1393 1611 1691 1696 stipetur.

329 1727 436 1796 sic
457 1726 841 1812 ”saepissime
902 1726 1121 1796 Febris
1175 1727 1592 1794 intermittens
1650 1729 1980 1814 praecipue
2038 1729 2107 1796 in

134 1864 140 1874 ·
209 1825 404 1914 'locis
445 1843 770 1929 paludosis
794 1889 819 1925 ,
861 1843 1220 1929 mephiticis
1261 1861 1410 1911 vere
1450 1848 1815 1930 apoplexiae
1854 1850 2109 1932 sangui·

243 1983 394 2030 neae
432 1960 697 2028 formam
749 1959 874 2027 sibi
914 1962 1144 2030 induit.
1231 1962 1501 2030 Etiamsi
1544 1963 1735 2048 igitur
1781 1965 1903 2030 sub
1944 1965 2108 2032 alius

247 2079 462 2146 morbi
483 2078 686 2146 forma
700 2069 892 2146 latere
909 2079 1171 2148 Febrem
1195 2079 1706 2148 intermittentem
1744 2082 2061 2150 videamus
2082 2129 2110 2166 ,
2182 2111 2189 2120 ·

248 2187 481 2265 manet·
509 2196 920 2266 nihilominus
971 2210 1198 2281 estque
1247 2217 1461 2264 revera
1520 2197 1771 2266 affectio
1823 2197 2061 2266 febrilis
2079 2245 2104 2282 ,

245 2331 438 2398 atque
513 2311 854 2399 aequabilis
918 2313 1198 2380 incitatio
1266 2333 1483 2382 motus
1566 2314 1945 2381 circulator-ii
2022 2314 2103 2381 ab

242 2428 489 2500 affecto·
505 2443 850 2517 systemate
889 2447 1224 2498 nervorum
1285 2431 1535 2498 inducta
1555 2478 1582 2513 ‚
1648 2429 1875 2514 partim
1918 2429 2101 2498 etiam

243 2551 310 2618 in
347 2549 546 2619 Febre
585 2547 930 2615 intermitte
965 2545 1354 2632 apoplectica
1386 2550 1598 2614 locum
1643 2547 1856 2614 habet.

257 2693 268 2700 ·
333 2665 606 2735 Affectio
644 2677 848 2729 tamen
862 2706 888 2744 ‚
931 2662 1054 2726 sub
1089 2679 1214 2742 qua
1253 2662 1477 2727 Febris
1508 2663 1657 2727 latet
1692 2679 1875 2726 unam
1908 2659 2109 2743 potis-

249 2786 482 2854 simum
529 2779 816 2864 corporis
863 2789 1160 2862 partem.,·
1199 2791 1389 2860 caput
1438 2777 1709 2862 exempli
1766 2793 1957 2841 causa
1995 2793 2109 2841 oe-

249 2912 481 2984 cupare
535 2898 830 2976 videtur,
899 2910 1060 2976 quae
1111 2906 1210 2959 res
1271 2911 1348 2959 eo
1397 2913 1591 2961 sensu
1641 2893 1723 2959 ab
1764 2894 1944 2959 omni
1980 2892 2105 2960 alio

247 3015 590 3086 universali
627 3029 804 3080 motu
841 3010 1052 3077 febrili
1086 3011 1269 3096 plane
1303 3009 1543 3079 differt.

269 3175 277 3182 -
335 3133 566 3217 Neque
625 3127 816 3198 hacce
867 3142 1084 3196 nostra
1125 3127 1621 3197 consideratione
1677 3129 1989 3198 illabimur
2040 3131 2108 3198 in

250 3253 614 3320 sententiam
675 3249 926 3315 illorum
955 3263 1020 3330 ,·
1059 3247 1170 3328 qui
1209 3258 1497 3313 statuunt
1557 3247 1789 3315 Febres
1846 3251 2109 3316 larvatas

249 3369 474 3456 'potius
521 3379 660 3434 esse
705 3365 916 3432 febr-cs
965 3363 1447 3430 intermittentes
1483 3363 1775 3450 topicas3
1827 3345 2117 3450 adeoque

257 3485 520 3555 Febrem
563 3481 1068 3548 intermittentem
1104 3482 1549 3565 apoplecticam
1604 3481 1840 3548 febrem
1884 3482 2107 3565 capitis

255 3603 496 3670 dicunt.
541 3597 705 3665 Nam
738 3596 794 3661 si
839 3614 1046 3662 revera
1091 3597 1298 3682 topica
1336 3597 1531 3664 febris
1577 3612 1740 3663 esset
1762 3643 1785 3675 ,
1830 3611 1981 3663 tunc
2026 3601 2107 3666 ne

256 3717 584 3802 vestigium
620 3711 870 3798 quidem
907 3713 1279 3798 reperiretur
1302 3714 1549 3780 illorum
1569 3726 2058 3798 symptomatum
2084 3759 2111 3800 ,

259 3855 418 3920 quae
465 3805 662 3900 febris
707 3831 1180 3900 intermittentis
1225 3830 1575 3898 essentialia
1610 3830 1938 3900 habentur.

241 4039 248 4044 .
340 3953 535 4020 Hisce
573 3949 896 4036 perpensis
921 3994 946 4031 ‚
990 3946 1212 4016 Febris
1265 3950 1741 4022 interminantis
1778 3951 2113 4039 apoplexi·

1994 4084 2107 4130 cao
