2809 4992
810 561 1485 642 ‚ORATIQ
2024 559 2127 642 45

257 759 498 840 dinem
546 758 818 861 (Egesta
840 814 864 852 ,
925 760 1074 860 jam
1109 759 1190 834 iu
1229 757 1477 848 theca,
1526 779 1653 834 suo
1698 757 1861 836 loeo
1885 811 1911 853 ‚
1960 769 2135 836 sunt
2282 827 2291 836 .

249 887 626 992 disposita.
2128 939 2139 950 .

358 1015 444 1092 ln
491 1014 608 1092 ina
663 1013 872 1090 urbis
917 1024 1128 1114 parte
1149 1065 1174 1104 ‚
1223 1009 1345 1088 uhi
1393 1010 1755 1108 quondam
1817 1038 1943 1090 arx
1990 1013 2140 1090 ha...

251 1143 576 1221 bebatur
597 1197 622 1236 ,
694 1166 880 1240 quae
959 1167 1002 1218 a
1069 1138 1330 1218 civibus
1398 1139 1829 1239 Trajectinis
1850 1195 1874 1232 ‚
1939 1140 2143 1217 Duce

259 1274 714 1348 Gathar-ind
797 1298 944 1346 van
1025 1269 1404 1367 Leemput
1496 1267 1860 1348 destructa
1940 1268 2073 1344 fuit
2119 1323 2143 1360 ,

265 1397 392 1478 die
435 1403 540 1476 22
595 1398 852 1478 mensis
911 1395 1151 1492 Junii,
1220 1397 1607 1500 superioris
1661 1398 1876 1486 anni,
1944 1399 2149 1474 Aca-

263 1527 548 1608 demiae
598 1539 882 1605 nostrae
933 1524 1146 1602 Cives
1168 1580 1193 1619 ,
1268 1525 1667 1604 honorifico
1706 1525 1966 1626 insigni
1986 1581 2008 1618 ‚
2058 1551 2145 1606 ex

265 1680 436 1734 aere
504 1655 792 1757 captivo
813 1707 838 1746 ,
907 1653 1236 1732 decorari
1316 1653 1555 1732 videre
1626 1654 1835 1732 nobis
1898 1653 2099 1732 licuit
2123 1709 2149 1748 ,

259 1785 430 1870 dum
483 1796 555 1862 et
586 1783 968 1885 primarius
1016 1782 1304 1861 militum
1326 1837 1352 1876 ‚
1422 1782 1500 1860 in
1528 1783 1687 1868 ⁸hac
1718 1783 2101 1862 Provincia
2121 1837 2149 1878 ,

259 1914 624 1996 Tribunus
641 1966 666 2005 ,
715 1912 1026 2014 gravit&
1067 1911 1423 1992 Diurnum
1458 1913 1903 2016 praelegeret
1920 1963 1947 2006 ,
1980 1913 2147 1990 lau-

265 2043 438 2120 dem
501 2040 870 2118 continens
895 2093 920 2132 ,
1009 2065 1233 2136 ‚quam
1301 2041 1402 2116 ob
1466 2042 1701 2118 bonos
1765 2028 2003 2118 mones
2076 2053 2151 2120 et

271 2164 722 2270 disciplinam
738 2213 766 2258 ‚
831 2165 1392 2268 Angustissimus
1452 2165 1617 2245 Rex
1684 2165 2158 2246 adolescenti-

267 2296 408 2376 bus
455 2295 754 2376 armatis
801 2295 1116 2374 tribuere
1165 2294 1407 2374 voluit.

361 2425 722 2527 Sequente
770 2423 928 2520 die,
978 2422 1166 2526 grati
1209 2423 1641 2508 Academiae
1694 2423 1899 2504 Cives
1941 2424 2153 2525 hujus

273 2557 474 2636 urbis
557 2554 826 2632 incolas
909 2552 1096 2632 festo
1177 2552 1535 2656 excipiere
1608 2554 2153 2656 pymteehnico.

279 2685 574 2767 eoelum
617 2695 770 2760 erat
815 2682 1332 2762 subobscurum
1355 2737 1380 2776 ‚
1453 2682 1587 2764 sed
1644 2706 1731 2761 eo
1780 2683 2049 2764 felicius
2085 2697 2157 2764 et

273 2813 638 2921 pulchrius
687 2809 936 2892 enituit
991 2810 1177 2914 ignis
1201 2866 1225 2904 ,
1294 2823 1583 2889 noctem
1644 2810 1909 2890 lumine
1956 2813 2159 2888 illus-

269 2958 500 3024 trans.

373 3069 678 3150 Festum
745 3067 828 3144 in
855 3143 864 3154 ,
891 3078 1179 3144 noctem
1245 3068 1751 3169 porrigebatur
1768 3120 1793 3159 ,
1862 3067 2161 3146 urbani-

277 3214 430 3298 tate
471 3193 936 3300 conspicuum
954 3247 979 3288 ,
1011 3193 1350 3294 nequein
1379 3193 1829 3276 Bacchanale
1864 3195 2108 3276 abiens
2130 3253 2155 3290 ,

279 3327 481 3432 quod
527 3325 736 3403 etiam
775 3322 1066 3402 minime
1105 3323 1614 3426 expectabatur
1654 3351 1701 3402 a
1739 3325 2153 3426 juvenibus,

283 3458 408 3559 qni
445 3452 732 3534 militiae
752 3507 776 3546 ,
823 3476 1106 3531 morum
1147 3450 1557 3548 honestate,
1602 3478 1679 3532 se
1717 3479 1793 3533 se
1827 3457 1929 3534 ita
1966 3479 2155 3536 com-

277 3585 786 3668 mendaverant
801 3633 828 3673 ,
918 3593 1000 3658 ut
1081 3581 1216 3660 toti
1290 3581 1632 3662 exercitui
1657 3637 1682 3677 ‚
1744 3584 2159 3692 disciplinae

281 3712 669 3798 exstiterint
703 3709 1048 3811 exempla

380 3843 490 3922 Ut
543 3839 1022 3924 urbanitatem
1053 3893 1078 3931 ‚
1151 3863 1300 3915 non
1364 3839 1601 3920 minus
1654 3840 2161 3924 humanitatem
2240 3929 2245 3934 ,

287 3971 776 4076 probaverunt
835 3965 1266 4050 Academiae
1322 3982 1611 4048 nostrae
1657 3969 1862 4050 Cives
1884 4023 1907 4062 ,
1978 3967 2164 4046 datis

2011 4115 2163 4172 sca-
