2809 4992
768 470 1553 554 noTAnlcm
2005 504 2087 574 33

182 670 603 743 evolvuntur
638 665 819 735 folia.
922 666 1171 734 Haecee
1204 668 1587 752 comparatio
1622 664 1778 736 folia
1827 665 1988 739 inter
2015 685 2120 736 et·

200 804 526 873 squamas
586 782 1007 867 sequentibus
1053 782 1434 865 argumentis
1493 799 1589 852 est
1629 784 1992 853 stabilienda
2016 806 2040 853 z

222 942 247 953 -
276 902 407 973 1⁰.
454 903 579 971 Uti
622 905 747 988 jam
804 900 1165 968 monuimus
1186 946 1211 981 ‚
1254 900 1500 984 plantae
1561 898 1736 967 foliis
1777 902 2032 969 orbatae
2055 950 2082 985 ,

192 1038 603 1109 quamquam
660 1018 939 1103 vigorem
994 1017 1279 1083 amittant
1302 1062 1329 1098 ,
1370 1031 1576 1081 tamen
1635 1034 1766 1083 non
1807 1018 2089 1085 moriun-

192 1152 325 1206 tur
388 1139 569 1221 quod
615 1134 806 1203 etiam
842 1134 909 1201 in
962 1120 1214 1213 bulbis,
1257 1133 1538 1217 squamis
1589 1133 1933 1217 desumtis,
1977 1137 2106 1233 ob«.

190 1266 539 1321 servatur.
1497 1269 1506 1275 ’
1545 1258 1552 1265 ’

246 1417 254 1426 .
312 1388 429 1437 20.
474 1368 799 1436 structura
872 1382 1265 1451 squamarum
1328 1380 1391 1433 et
1465 1364 1762 1435 follorum
1833 1366 2103 1436 maxime

201 1486 533 1555 convenit
545 1506 575 1569 >3
618 1483 951 1567 utriusque
1004 1482 1245 1571 generis
1300 1502 1531 1569 organa
1572 1500 1946 1554 structuram
1991 1487 2102 1553 ha-

204 1601 387 1670 bent
425 1599 855 1685 perfectiorem
872 1646 898 1681 ‚
945 1600 1116 1705 vasis
1170 1618 1243 1667 ac
1292 1601 1544 1670 cellulis
1578 1602 1942 1687 regulariter
1970 1598 2099 1673 dis·

204 1716 485 1805 positis.
540 1718 615 1785 In
654 1732 925 1801 utraque
962 1734 1139 1802 parte
1176 1732 1490 1802 praeterea
1529 1720 1860 1805 epidermis
1891 1722 2098 1809 adest,

212 1852 397 1921 quae
432 1848 747 1918 tamquam
792 1834 1067 1901 cuticula
1124 1834 1496 1902 tenuissima
1541 1834 1724 1904 facile
1772 1854 1872 1904 est
1926 1837 2104 1906 aufe·

210 1951 471 2035 renda3
534 1950 832 2019 extimum
879 1950 1005 2017 hoc
1058 1949 1454 2017 involucrum
1511 1950 1694 2019 facile
1729 1967 1989 2021 notatur
2036 1956 2104 2029 iu

217 2068 619 2155 Hyacemhts
636 2113 663 2152 ,
744 2068 1075 2139 Ναὶ-εἰςείς
1092 2112 1121 2151 ,
1204 2068 1442 2157 Τυίίρέε
1497 2066 1789 2153 aliisque.
1881 2072 2108 2141 Forma

230 2185 615 2253 cellularum
660 2185 733 2253 ln
779 2197 1045 2266 utraque
1090 2199 1264 2269 parte
1299 2186 1594 2269 quadrata
1623 2202 1720 2254 est
1744 2234 1769 2269 ,
1812 2202 1942 2257 etc.
2011 2221 2016 2227 ·

326 2303 429 2390 3⁰.
474 2302 736 2371 Coloris
800 2302 1063 2369 varietas
1114 2319 1193 2369 ex
1237 2300 1398 2368 lucis
1453 2301 1814 2371 efficacitate
1855 2304 2111 2373 videtur

228 2417 641 2504 explicanda,
706 2436 831 2502 qua
896 2434 1189 2501 squamae
1218 2418 1554 2486 destitutae
1585 2424 1782 2507 su‘nt3
1827 2414 2112 2492 videmus

231 2534 406 2605 enim
454 2552 925 2619 nonnumquam
950 2580 975 2616 ,
1074 2536 1323 2619 quando
1380 2536 1675 2621 superior
1736 2538 1918 2607 bulbi
1970 2562 2114 2627 pars

234 2672 379 2724 non
425 2667 593 2720 terra
646 2650 803 2718 satis
844 2648 944 2717 es't
970 2649 1243 2719 obducta
1265 2696 1294 2732 ‚
1334 2670 1463 2717 eam
1517 2652 1796 2718 colorem
1837 2655 2120 2741 accipere

234 2770 533 2841 viridem

334 2886 446 2972 4⁰.
490 2882 736 2953 Eodem
783 2879 979 2949 modo
1024 2896 1315 2963 squamae
1350 2898 1432 2947 ex
1478 2865 1656 2949 diseo
1693 2866 2072 2966 proveniunt
2092 2933 2119 2968 ,

252 3022 397 3089 quo
436 2999 593 3069 folia
648 2976 889 3067 sessilia
940 3015 1087 3064 cum
1151 2995 1408 3064 caudice
1467 2998 1863 3069 adscendenti
1901 3002 2121 3070 cohae-

254 3136 431 3191 rent·
2155 3190 2160 3193 .

230 3234 235 3241 ’
278 3300 292 3311 ,
354 3241 456 3321 5⁰.
498 3234 738 3308 Eadem
811 3231 1054 3305 ratione
1102 3231 1282 3300 ,novi
1342 3232 1636 3301 oriuntur
1703 3233 1886 3302 bulbi
1931 3255 2010 3304 eo
2063 3235 2129 3305 in

259 3362 457 3439 loen,
502 3354 569 3423 in
608 3371 743 3439 quo
796 3369 1091 3435 squamae
1143 3369 1287 3418 cum
1354 3352 1532 3419 disco
1565 3370 1948 3439 nectuntur,
2008 3376 2133 3441 qua

269 3490 549 3562 gemmae
582 3470 662 3541 ad
716 3466 1093 3552 petiolorum
1130 3466 1536 3535 insertionem
1573 3472 1984 3552 proveniunt.
2126 3479 2132 3490 ·

358 3590 627 3660 Videtur
680 3583 872 3669 igitur
906 3582 995 3649 in
1055 3584 1331 3665 squamis
1404 3585 1803 3651 solummodo
1859 3586 2136 3668 petiolus

276 3703 653 3787 desiderari,
714 3716 789 3769 ut
838 3699 992 3773 folia
1038 3699 1321 3787 perfecta
1360 3700 1488 3769 diei
1549 3716 1896 3779 mereantur
1922 3746 1946 3780 ‚
1990 3718 2142 3784 pro·

292 3827 443 3893 bant
484 3837 687 3893 tamen
726 3821 873 3887 haec
919 3832 1280 3907 argumenta
1308 3833 1588 3900 magnam
1631 3833 1772 3883 esse
1799 3815 2142 3903 analogiam

288 3944 453 4011 inter
480 3940 592 4008 has
631 3951 864 4024 partes.

2074 4052 2148 4118 In
