2809 4992
632 435 758 500 106
1001 424 2126 496 COMMENTATIO

713 613 801 680 1⁰.
841 609 918 678 1n
961 611 1074 680 hae
1113 607 1413 680 Febrium
1472 607 1691 692 speeie
1742 609 2055 680 citissime
2083 613 2387 686 corticem
2416 621 2482 688 in

627 730 919 802 auxilium
955 745 1186 797 vocare
1227 727 1534 794 debemus
1558 772 1587 809 ,
1622 741 1687 792 et
1728 729 1985 813 quidem
2026 733 2299 800 omnibus
2338 738 2493 818 qni·

629 851 1002 930 bustumque
1041 843 1427 930 praeparatis
1470 846 1891 932 (praeparatis
1928 849 2145 916 salinis
2184 851 2477 936 exceptis)

627 968 836 1052 pulvis
871 979 1156 1034 meratus
1187 960 1483 1046 praeferri
1516 979 1793 1031 meretur
1816 983 1841 1033 t
1892 985 2102 1048 „cum
2126 985 2279 1036 sane
2302 969 2369 1050 ,”
2404 970 2487 1034 ‘m-

629 1083 773 1167 quit
823 1081 1467 1164 Sydenhamus,
1530 1126 1573 1166 „
1619 1081 1733 1166 qui
1782 1082 2023 1164 aliquid
2062 1083 2315 1152 Cortici
2350 1086 2495 1172 adji-

635 1246 680 1285 ,‚
718 1199 899 1266 ciunt
951 1213 1189 1282 praeter
1241 1198 1601 1266 vehiculum
1656 1199 1717 1267 ei
1764 1200 2190 1268 necessarium
2208 1249 2239 1286 ‚
2284 1217 2401 1269 aut
2436 1219 2505 1269 ex

641 1365 686 1403 „
733 1315 1079 1401 ignorantia
1135 1329 1394 1398 peccant
1420 1363 1447 1399 ‚
1512 1332 1585 1383 ut
1632 1317 1789 1384 mihi
1836 1317 2127 1401 videtur,
2182 1335 2295 1388 aut
2354 1319 2502 1388 dolo

644 1482 687 1519 „
727 1435 928 1516 malo,
1001 1453 1042 1500 a
1104 1451 1234 1517 quo
1313 1433 1412 1506 vir
1476 1433 1721 1520 probus
1783 1455 1862 1503 ex
1922 1438 2129 1504 animo
2200 1436 2503 1506 abhorre-

641 1599 685 1638 „
725 1551 822 1618 bit
851 1551 896 1584 ”
935 1549 1085 1638 (1).

713 1667 838 1738 11⁰.
879 1668 1244 1752 Apurexiae
1305 1669 1593 1756 angustia
1642 1683 1705 1736 et
1756 1681 2234 1752 symptomatum
2278 1668 2491 1738 inten-

629 1785 727 1854 sio
783 1783 1055 1870 requirit
1073 1833 1100 1869 ,
1143 1801 1222 1852 nt
1261 1787 1479 1856 statim
1520 1808 1557 1855 a
1586 1787 1763 1856 finito
1808 1787 1951 1854 inde
1996 1803 2369 1869 paroxysmo
2414 1787 2485 1853 in

633 1919 760 1968 utu
815 1899 1093 1968 corticis
1149 1921 1505 1971 versemur.

717 2017 872 2088 111⁰.
917 2017 1026 2087 Ex
1080 2019 1362 2088 secundo
1424 2019 1691 2088 articulo
1728 2033 1959 2105 sponte
2002 2033 2175 2105 patet
2194 2067 2221 2103 ,
2262 2035 2507 2105 tempo·

633 2157 706 2204 re
755 2137 1238 2206 intermissionis
1291 2137 1591 2208 corticem
1654 2155 1799 2206 esse
1852 2137 2301 2207 adhibendum.

721 2257 877 2324 ΝΟ.
943 2255 1220 2342 Quando
1279 2273 1431 2323 vero
1480 2257 1850 2340 paroxysmi
1917 2258 2071 2323 adeo
2138 2253 2509 2322 continuan-

636 2385 782 2452 tur,
836 2387 908 2440 ut
961 2391 1157 2440 unum
1205 2374 1271 2438 in
1321 2375 1581 2438 alterum
1634 2373 1898 2440 transire
1944 2373 2318 2454 minitetur,
2362 2390 2495 2440 rum

637 2488 936 2556 conducit
957 2536 984 2572 ,
1025 2505 1103 2558 ut
1147 2491 1479 2558 declinante
1532 2504 1909 2570 paroxysmo
1958 2486 2179 2566 statim
2228 2489 2485 2555 Cortex

639 2605 1126 2675 administretur.
1341 2587 1348 2592 ³

725 2723 849 2795 νο.
895 2724 1100 2796 Uncia
1129 2723 1204 2806 1,
1225 2720 1291 2795 11
1312 2769 1339 2805 ‚
1380 2719 1649 2789 dosibus
1686 2721 2041 2790 secundum
2070 2735 2320 2806 tempus
2353 2742 2504 2808 apu-

634 2841 903 2912 rcticum
979 2840 1350 2912 adhibendis
1438 2840 1818 2925 plerumque
1838 2887 1863 2922 ,
1932 2842 2346 2927 coadjuvante
2402 2859 2513 2908 na·

636 2973 778 3026 tura
798 3007 823 3041 ,
867 2957 1190 3026 sufficiunt
1247 2957 1327 3024 ad
1383 2971 1753 3040 sequentem
1804 2977 2253 3041 paroxysmum
2300 2957 2513 3024 debel-

803 3093 935 3143 um.

653 3077 874 3257 1⁸³³st
921 3191 1112 3256 Haud
1160 3191 1583 3273 incongruum
1646 3189 1759 3254 erit
1818 3188 1877 3253 si
1932 3187 2127 3272 prima
2176 3187 2334 3252 hora
2392 3200 2499 3252 to-

635 3307 764 3375 tius
807 3305 1175 3391 quantitatis
1227 3295 1482 3373 dimidia
1524 3327 1665 3392 pars
1716 3303 2053 3390 aegrotanti
2096 3302 2451 3388 porrigatur
2472 3351 2497 3385 ,

635 3428 788 3496 dum
863 3425 1098 3508 reliqua
1159 3441 1306 3508 pars
1367 3424 1638 3503 dosibus
1707 3425 1939 3494 sensim
2005 3421 2510 3490 decrescentibus

635 3544 1028 3626 exhibentur.
1111 3539 1312 3610 Actio
1361 3540 1525 3608 enim
1568 3554 1633 3618 ct
1681 3541 1783 3608 vis
1838 3539 2115 3610 corticis
2170 3538 2511 3607 increscere

637 3663 932 3730 videntur
955 3707 982 3742 ,
1057 3657 1114 3725 si
1173 3672 1346 3728 certa
1416 3655 1733 3736 quantitas
1798 3656 2089 3724 breviore
2146 3627 2355 3738 'spatio
2406 3654 2513 3718 ad-

609 3775 624 3802 ²
639 3778 1051 3844 ministretur.

703 3941 791 4008 (t)
825 3945 908 3993 Cf.
943 3946 1348 4006 sydenham,
1383 3941 1561 4031 Ερεὶηοἱ
1606 3945 1759 4004 ιη),
1801 3958 1845 3994 Ι.
2328 3855 2509 3923 Vll*-
