2809 4992
780 526 1550 597 BOTANICA.
1972 548 2084 599 ιιι

222 718 355 801 qui
397 713 715 801 prodeunt
739 758 766 797 ‚
808 712 1111 798 originem
1168 711 1411 778 trahere
1457 730 1532 777 ex
1587 700 1932 779 substatia
1985 712 2090 779 in-

218 848 415 901 terna
440 827 837 899 'succulenta
890 841 1149 895 carnosa
1186 824 1349 910 quiae
1393 830 1472 893 ad
1525 826 1734 896 axillas
1788 830 2084 897 corticem

210 935 548 1034 perforat.

322 1068 462 1135 Du
544 1059 1241 1133 Petit-Thouars
1318 1061 1436 1145 (r)
1491 1078 1858 1144 gemmarum
1907 1060 2098 1149 origi-

226 1194 397 1248 nem
456 1200 533 1247 ex
589 1176 771 1244 nodis
832 1176 1131 1243 vitalibus
1182 1175 1303 1263 (a)
1364 1178 1634 1261 explicat
1657 1226 1682 1261 ‚
1737 1178 1972 1247 scilicet
2022 1198 2101 1249 ex

229 1310 501 1381 puncto
542 1294 712 1363 vitali
752 1294 961 1378 plures
1011 1293 1299 1359 oriuntur
1342 1294 1540 1361 fibrae
1580 1295 2008 1380 primordiales
2037 1310 2100 1363 et

238 1426 341 1479 ex
372 1413 471 1479 his
503 1414 843 1497 aggregatis
882 1412 1083 1478 oritur
1115 1420 1376 1496 gemma.

350 1532 625 1598 Tandem
673 1530 736 1596 in
794 1529 991 1595 literis
1050 1550 1083 1595 a
1146 1530 1474 1611 Kolero
1545 1532 1624 1598 ad
1677 1532 2114 1601 Ventena·

236 1661 275 1713 t
295 1664 347 1713 u
367 1656 427 1743 ru
464 1647 671 1713 missis
704 1647 1057 1713 invenimus
1095 1647 1566 1715 observationes
1610 1650 1688 1715 de
1724 1666 2100 1732 gemmarum

238 1763 497 1848 origine
546 1742 1131 1847 praest'antissimas.
1212 1765 1436 1831 Paucis
1519 1766 1714 1847 igitur
1791 1767 1849 1835 K
1873 1769 2010 1837 ole
2030 1770 2104 1835 ri

234 1881 558 1947 theoriam
612 1882 717 1947 hic
774 1897 1089 1965 exponere
1155 1899 1302 1947 sane
1350 1882 1580 1947 summi
1627 1886 1926 1951 momenti
1972 1904 2108 1953 esse

237 2000 527 2065 videtur.
606 2036 612 2043 -

346 2112 603 2179 Koler
649 2112 887 2181 scilicet
964 2124 1149 2196 putat
1216 2109 1680 2179 Linnaeum
1743 2132 1874 2181 non
1925 2116 2114 2199 longe

142 2288 153 2304 ,
239 2248 285 2297 a
343 2230 605 2297 veritate
647 2232 867 2297 abesse
890 2276 915 2312 ,
958 2226 1292 2296 statuendo
1350 2226 1420 2295 in
1481 2230 1746 2297 medulla
1801 2224 2104 2313 originem

216 2340 225 2351 '
236 2350 629 2432 gemmarum
658 2394 683 2429 ,
744 2364 947 2429 neque
1006 2348 1143 2431 ejus
1200 2362 1468 2411 errorem
1527 2344 1682 2412 adeo
1722 2366 1862 2414 esse
1911 2348 2110 2433 insig-

242 2480 395 2531 nem
418 2510 443 2545 ,
486 2482 627 2530 cum
684 2460 865 2529 facile
913 2482 1033 2546 pro
1085 2461 1349 2529 medulla
1398 2463 1613 2529 haberi
1673 2464 1878 2548 possit
1923 2474 2109 2551 orga-

244 2596 389 2647 non
453 2578 961 2664 reproductivum
1046 2580 1125 2645 de
1176 2596 1307 2664 quo
1386 2578 1454 2647 in
1511 2580 1614 2647 his
1701 2584 1928 2651 litteris
1971 2586 2108 2651 m'o-

244 2710 389 2765 net.

346 2808 918 2879 observationibus
952 2809 1089 2876 suis
1124 2810 1460 2893 praemittit
1488 2812 1910 2885 definitionem
1942 2836 2114 2904 gem·

256 2940 516 2997 marum
540 2929 886 3012 plantarum
928 2925 1574 3009 phanerogamicarum
1598 2978 1624 3012 ,
1666 2932 1905 3000 scilicet
1945 2952 2116 3019 gem.

259 3064 407 3114 mas
448 3056 675 3111 vocat:
743 3042 946 3108 omnia
1002 3059 1229 3126 organa
1282 3027 1500 3110 harum
1555 3048 1902 3129 plantarum
1957 3072 2118 3135 quae

256 3162 597 3229 continent
628 3160 967 3227 rudimenta
1010 3160 1111 3227 vel
1150 3162 1424 3244 germina
1455 3163 1686 3248 caulis,
1707 3168 2128 3257 ramulorum‚'
2179 3196 2188 3206 ·

260 3279 376 3349 vel
402 3276 699 3345 foliorum
724 3322 750 3360 ,
792 3277 1017 3344 florum
1056 3276 1249 3343 immo
1290 3278 1586 3347 radicum.
1757 3342 1765 3351 .
1949 3292 1957 3302 '

351 3394 514 3463 Fere
556 3410 773 3461 omnes
826 3392 1107 3461 Botanici
1154 3396 1524 3482 eredebant,
1592 3402 1762 3483 quod
1803 3400 1958 3471 folia
1982 3450 2008 3486 ,
2047 3404 2120 3475 in

1959 3540 2126 3608 quo-

372 3746 391 3781 ι
456 3730 491 3779 1-
524 3731 562 3783 1.
590 3741 647 3790 9.
672 3730 781 3789 156.

336 3727 433 3889 {a}
464 3823 757 3886 Turpia,
793 3823 1055 3885 ingeniose
1081 3824 1177 3876 hos
1210 3826 1374 3887 nodos
1407 3822 1587 3875 vitales
1628 3838 1743 3875 cum
1772 3824 1981 3887 sanguis
2003 3835 2120 3877 ner-

284 3934 463 3972 vorum
484 3920 789 3971 amimalium
816 3920 1123 3984 simplicium
1143 3908 1418 4005 comptam.
1457 3918 1618 3971 Mem.
1644 3918 1710 3967 dn
1745 3920 1888 3971 Mus.
1920 3918 2120 3976 d’ffl'se.

283 4020 421 4073 Nae.
454 4016 602 4069 Tom.
636 4016 701 4069 V.
730 4030 783 4077 p.
820 4031 935 4080 434.
