2809 4992
835 473 1650 543 MEDICA.
2029 487 2173 553 ,υς

1132 738 1198 821 s.
1287 758 1353 816 4.

762 955 941 1024 Cura
979 954 1175 1024 stadii
1213 956 1741 1026 Revalescentiae.

393 1214 701 1301 Regimen
734 1215 901 1284 vitae
958 1231 1023 1284 et
1084 1214 1281 1283 diaeta
1322 1214 1387 1283 in
1430 1215 1556 1282 hoc
1599 1214 1824 1283 morbo
1865 1213 1951 1281 ita
1995 1215 2174 1281 insti-

302 1342 571 1402 tuantur
634 1346 707 1400 ut
755 1336 1133 1418 aegrotantis
1172 1334 1338 1403 vires
1391 1333 1764 1418 superstites
1823 1350 1954 1400 non
1993 1332 2174 1401 dimi-

294 1462 579 1519 nuantur
592 1498 617 1535 ‚
661 1450 777 1517 sed
824 1450 1250 1527 sustineantur
1300 1464 1367 1519 et
1412 1448 1861 1518 instaurentur.

384 1568 574 1637 Vitae
620 1568 893 1654 regimen
956 1568 1153 1655 igitur
1204 1567 1289 1635 sit
1338 1565 1746 1653 tranquillum
1799 1566 1995 1634 nullis
2035 1566 2168 1635 ani·-

296 1670 409 1751 mi‘
434 1684 897 1768 pathematibus
951 1697 1363 1752 commotum.
1956 1760 1964 1769 ⁶

380 1800 603 1867 Diaeta
658 1800 741 1866 sit
806 1801 1026 1868 leniter
1100 1802 1452 1867 instaurans
1531 1802 1794 1883 petenda
1854 1820 1930 1868 ex
1992 1801 2168 1867 victu

290 1916 529 1982 blando
584 1915 900 1982 nutriente
954 1934 1088 1982 non
1160 1894 1347 1983 nitnis
1425 1914 1806 1983 stimulante.
1936 1916 2167 1982 Utatur

288 2031 491 2116 igitur
565 2035 949 2101 revalescens
1022 2028 1318 2102 carnibus
1390 2032 1677 2101 vitulinis
1743 2046 1852 2100 aut
1909 2031 2165 2099 bovinis

290 2148 731 2234 tenuioribus,
796 2166 903 2218 aut
964 2150 1316 2237 gallinaceis
1341 2199 1366 2234 ,
1435 2152 1704 2237 jusculis
1771 2150 1974 2217 carnis
1999 2197 2023 2231 ,
2105 2161 2168 2215 et

286 2267 752 2357 vegetabilibus
814 2265 1240 2340 nutrientibus
1264 2318 1290 2357 ‚
1334 2272 1541 2354 qualia
1600 2285 1750 2337 sunt
1815 2270 2118 2336 hordeum
2137 2314 2160 2349 ,

288 2406 491 2472 oryza
510 2434 535 2469 ,
578 2405 755 2472 sege.

373 2502 718 2570 Evitentur
775 2516 995 2569 omnes
1049 2516 1245 2586 potus
1282 2500 1611 2585 spirituosi
1631 2548 1655 2582 ,
1699 2514 1762 2567 at
1819 2519 1972 2567 vero
2029 2516 2163 2566 mo-

288 2618 431 2683 dica
488 2616 805 2699 quantitas
866 2617 1000 2680 vini
1045 2619 1333 2698 generosi
1376 2636 1507 2682 non
1549 2618 1828 2682 nocebit.

372 2730 633 2802 Diaetae
662 2732 911 2797 accedat
963 2731 1289 2797 medicatio
1330 2733 1682 2799 instaurans
1706 2778 1730 2812 ,
1795 2750 1870 2795 ex
1912 2730 1988 2795 iis
2033 2746 2162 2813 tne-

250 2866 267 2887 ·
290 2848 653 2920 dicamentis
719 2866 879 2931 quae
935 2862 1045 2915 aut
1100 2848 1357 2914 stimulo
1415 2864 1670 2915 naturae
1721 2846 1964 2930 amico,
2052 2859 2160 2911 aut

290 2970 515 3037 blanda
546 2966 891 3035 nutritione
928 2984 1182 3049 aegrum
1236 2965 1517 3033 reficiant
1540 3012 1562 3048 ,
1614 2964 1816 3049 qualia
1861 2976 2011 3028 sunt
2066 2981 2160 3029 ra·

294 3086 403 3154 dix
479 3096 703 3170 gent.‚
784 3083 1004 3150 vinum
1082 3102 1351 3150 amarum
1383 3131 1408 3165 ,
1487 3097 1825 3149 extractum
1886 3078 2155 3160 helenii,

292 3207 537 3273 decoct.
579 3220 640 3270 c.
687 3223 761 3288 p.
818 3216 927 3267 aut
982 3200 1191 3285 lichen
1226 3202 1566 3269 islandicus
1589 3248 1611 3279 ,
1656 3199 1917 3283 gelatina
1954 3216 2152 3264 cornu

297 3342 465 3391 cerv.
485 3367 512 3403 ,
582 3319 965 3403 ichtyocolla
990 3364 1014 3400 ,
1098 3318 1315 3403 pulvis
1385 3336 1594 3383 arrow
1663 3332 1810 3384 root
1832 3362 1854 3398 ,
1933 3316 2148 3401 jejuno

299 3436 649 3509 ventriculo
703 3435 1138 3507 assumendus.

1146 4049 1211 4113 11
1258 4068 1295 4113 2
1967 4043 2027 4121 §-
2076 4054 2141 4119 5·
