2809 4992
812 454 905 539 Μ’
975 452 1295 541 Ε’ῡῖι
1375 472 1436 542 c
1519 467 1682 575 ᾼ.Ἰ
2065 452 2164 559 4‘3

302 660 393 731 xit
449 658 678 727 Febtes
724 656 1213 724 intermittentes
1236 702 1261 737 ‚
1305 674 1464 737 quae
1510 656 1695 724 etiam
1717 704 1742 739 ,
1784 672 1971 739 quam
2013 654 2161 739 plu-

292 778 445 845 rime
487 778 555 843 in
606 775 766 841 urbe
819 773 1087 838 Rheno-
1106 772 1484 855 Trajectina·
1516 772 2096 859 observataesunt.
2197 846 2218 869 x

379 893 708 963 Nonnulla
762 904 968 957 autem
1030 889 1169 953 loca
1234 900 1296 952 et
1362 888 1725 969 provinciae
1770 891 2010 958 Patriae
2068 885 2165 957 fe·

296 1013 473 1078 brem
555 1007 1061 1075 intermittentem
1079 1052 1104 1085 ‚
1195 1004 1487 1070 morbum
1549 1006 1934 1074 endemicum
1997 1008 2167 1075 salu·

293 1104 433 1193 tant
455 1172 480 1207 ,
562 1125 739 1209 quod
824 1121 1096 1207 probant
1173 1120 1504 1189 Provincia
1569 1135 1785 1191 nostra
1850 1116 2172 1195 'Zelandta

302 1258 367 1309 et
422 1244 563 1325 illa,
604 1262 763 1326 quae
808 1238 1029 1325 optimi
1068 1240 1233 1321 regis
1288 1258 1438 1305 cura
1494 1256 1557 1305 et
1598 1238 1859 1307 fortium
1901 1241 2174 1309 militum

308 1361 545 1429 virtute
564 1408 588 1444 ,
640 1362 877 1447 patriae
930 1361 1088 1428 fines
1131 1363 1293 1426 ultra
1331 1358 1373 1425 S
1394 1375 1432 1424 c
1451 1357 1586 1424 ald
1609 1376 1697 1423 ae
1735 1357 1904 1442 ripas
1955 1372 2180 1427 exten-

306 1480 423 1548 dit.
2017 1476 2024 1481 '

388 1599 581 1665 Anno
644 1598 837 1683 hujus
880 1594 1077 1661 seculi
1133 1592 1374 1660 XXVI.
1418 1604 1599 1660 atrox
1648 1591 1944 1660 Febrium
1971 1594 2178 1663 inter·

306 1714 682 1781 mittentium
754 1712 1099 1803 epidemia‚
1180 1710 1516 1780 inchoante
1599 1723 1879 1795 tempore
1955 1724 2176 1785 autum

296 1830 429 1899 nali
469 1844 608 1898 orta
626 1878 651 1913 ‚
691 1831 925 1915 patriae
960 1843 1198 1913 partem
1236 1828 1802 1911 septentrionalem·
1831 1828 2186 1899 miserrime

308 1948 546 2015 afflixit.

394 2064 565 2129 Dum
615 2064 763 2129 haec
829 2044 1131 2147 epidemia
1192 2056 1632 2145 grassabatur,
1702 2060 2004 2144 plurimae
2064 2060 2183 2127 ob·
2231 2127 2240 2137 ,

305 2178 711 2245 servabantur
762 2178 998 2247 Febres
1056 2177 1539 2245 intermittentes
1579 2177 1878 2263 malignae
1899 2226 1926 2263 ,
1985 2176 2187 2264 inpri-

306 2295 429 2361 mis
470 2296 929 2379 apoplecticae,
1009 2314 1169 2378 quae
1220 2296 1444 2377 partim
1499 2294 1832 2367 infaustam
1855 2343 1880 2379 ,
1947 2296 2172 2380 partim

304 2430 457 2479 vero
498 2410 749 2477 felicem
794 2411 1069 2477 habuere
1116 2410 1355 2475 exitum
1400 2410 1439 2495 (
1449 2408 1546 2493 1).

2031 2518 2179 2587 Hu-

368 2642 457 2709 (ι)
490 2643 727 2703 Accidit,
777 2645 1113 2692 antecedente
1165 2656 1333 2702 anno,
1382 2654 1442 2692 ut
1479 2641 1536 2691 in
1571 2642 1662 2692 iila
1703 2655 1850 2704 arce,
1896 2658 2026 2705 quae
2074 2658 2176 2696 tana

302 2740 530 2800 gloriose
574 2738 628 2786 in
666 2735 1029 2787 calamitatibus
1074 2736 1297 2793 Belgicis
1335 2737 1586 2785 honorem
1626 2748 1856 2787 nostrum
1882 2747 1936 2789 et
1963 2740 2179 2790 salutem

302 2832 550 2893 integram
578 2829 838 2887 servavit,
878 2841 1110 2889 quaeque
1144 2827 1215 2877 ita
1243 2828 1601 2883 inimicorum.
1638 2830 1778 2881 urbis
1804 2830 2006 2882 vicinae
2036 2845 2180 2884 con·

307 2927 482 2988 plnres
509 2926 678 2986 plagas
717 2921 1003 2973 devastavit
1016 2955 1035 2982 ,
1081 2934 1139 2971 ut
1177 2924 1434 2982 collapsae
1477 2937 1685 2985 prorsus
1723 2926 1826 2975 sint
1863 2938 1917 2975 et
1944 2938 1974 2975 a
1996 2926 2179 2979 funda·

306 3019 493 3071 mentis
547 3018 876 3071 reficiendae.
924 3006 1164 3069 'Accidit
1225 3015 1496 3078 inquam·
1524 3030 1582 3067 ut
1641 3018 1854 3079 plurimi
1918 3020 2108 3071 milites
2150 3034 2182 3073 a

306 3114 567 3167 saeviente
623 3113 827 3164 interm.
874 3114 1051 3173 apopl.
1097 3112 1161 3161 ad
1214 3124 1392 3161 orcum
1432 3111 1648 3162 traducti
1687 3112 1806 3163 sint.
1875 3115 2182 3177 Quaeritur,

307 3222 431 3263 num
474 3208 679 3259 difficile
723 3208 789 3259 sit
841 3206 991 3267 liuius
1036 3206 1215 3259 Febris
1252 3219 1427 3257 causas
1467 3206 1722 3269 indagare.
1791 3210 2059 3263 Credimus
2098 3224 2186 3264 eas

312 3307 435 3361 satis
477 3319 588 3357 esse
628 3302 936 3356 manifestas.
1437 3292 1441 3298 ’

372 3399 611 3461 scilicet,
662 3402 809 3449 locus
850 3398 943 3447 ille
997 3380 1339 3449 inimicorum
1360 3400 1660 3454 cohortibus
1700 3403 1831 3453 adeo
1877 3403 2080 3453 vicinus
2127 3413 2182 3453 et

310 3492 509 3558 patriae
568 3491 729 3541 tanti·
756 3491 1041 3551 momenti,
1109 3506 1256 3545 caute
1310 3508 1420 3545 erat
1477 3497 1865 3548 custodiendus·
1900 3509 1953 3547 et
2001 3496 2190 3546 defen·
2273 3522 2279 3529 ·

312 3588 541 3647 dendus,
605 3584 739 3636 sieut
780 3586 973 3635 milites
1023 3586 1229 3647 plurimi
1274 3590 1441 3640 adbuc
1486 3600 1651 3639 aetate
1706 3591 1937 3648 juniores
1985 3588 2179 3652 <aetate

316 3680 454 3732 enim
484 3691 543 3740 19
569 3692 813 3731 annorum
839 3679 1070 3731 militiam
1094 3681 1279 3733 intrant
1302 3696 1442 3735 sorte
1469 3684 1817 3750 infeliciores)
1843 3697 1897 3734 et
1921 3685 2052 3737 locis
2077 3686 2182 3739 mis

315 3774 637 3837 inconsueti,
656 3788 769 3825 cum
796 3774 1117 3836 pertinebant
1139 3781 1200 3827 ad
1226 3778 1513 3831 divisiones
1531 3780 1774 3829 militares
1800 3780 1911 3831 illas
1929 3814 1946 3841 ,
1966 3795 2095 3844 quae
2111 3796 2181 3837 ex

318 3869 483 3921 media
516 3870 679 3932 patria
724 3868 851 3921 lunc
890 3884 1069 3921 versus
1106 3868 1422 3923 defendendi
1455 3886 1602 3925 causa
1643 3872 1972 3927 mittebantur
2006 3876 2180 3943 (antea

317 3968 412 4022 hae
453 3963 739 4021 diskiones
778 3965 931 4015 urbes
970 3978 1113 4017 sanas
1148 3964 1518 4033 fraieednam,
1560 3968 1916 4036 Atnhemiam,
1957 3978 2186 4027 Neoma-

2059 4080 2179 4129 Μ
